1981 3390
96 296 147 339 72
605 299 865 333 SPECULUM
898 301 1126 334 ECCLESIE
1159 300 1465 335 MILITANTIS.

92 427 250 486 {aguchigffiy
260 425 358 485 ⁰f11ln⁵
372 415 472 452 cium
503 427 588 453 esse
608 414 855 454 humanitatis
877 416 1017 454 Christi
1039 417 1221 455 vicarium
1248 418 1438 468 paciendo
1458 426 1494 456 et
1514 419 1640 468 ipsum
1660 419 1703 456 in

91 494 151 559 {32⁵1
153 493 359 553 ssfftis-diffwas
371 485 582 523 humilitate
603 493 639 523 et
659 487 972 525 tribulacionibus
999 488 1199 534 imitando,
1221 495 1260 526 ut
1281 489 1396 527 docet
1416 490 1640 538 augustinus
1659 490 1701 526 in

91 569 196 592 wrong·
213 561 268 586 and
371 557 458 595 loco
479 558 689 607 multiplici.
748 558 823 596 Sed
845 559 1021 597 diabolus
1048 560 1232 608 presumit
1262 560 1368 608 quod
1397 559 1572 598 Christus
1601 560 1700 597 male

90 603 192 626 argues
207 594 267 619 that
282 594 306 619 if

91 627 349 686 ssfislefficlssivfffie
368 628 407 665 in
433 629 507 665 hoc
539 629 739 675 ordinavit,
760 642 850 666 cum
880 642 963 667 esse
998 630 1128 667 debuit
1159 642 1181 667 e
1209 642 1410 677 converso,
1442 638 1480 668 et
1508 631 1562 668 sic
1592 631 1703 668 locus

91 694 339 760 {ffissssffggv‘gl'iitch
369 711 390 736 a
413 699 546 737 simiali
567 700 813 738 similitudine
835 713 912 751 qua
934 701 987 738 sic
1014 701 1205 750 arguitur:
1251 701 1280 738 si
1310 702 1481 740 seculare
1501 701 1701 739 brachium
1715 710 1734 742 5

90 761 161 787 from
175 761 221 786 the
235 762 338 794 clergy,

90 804 121 821 so
134 795 181 820 the
194 795 289 832 clergy

89 834 164 888 ξ’ζξζξ
175 837 345 888 ζξξῗζξυιᾶῑ
368 841 483 885 dedit,
503 854 596 891 ergo
617 855 685 891 per
713 842 816 880 idem
847 843 1114 880 sacerdocium
1141 843 1316 891 accipere
1345 843 1460 881 debet
1489 856 1511 880 a
1540 843 1703 881 seculari

89 895 355 921 armthedominion
490 913 496 919 .
859 914 866 920 .
902 914 908 920 .
1176 913 1182 920 .
1529 914 1535 920 .
1656 914 1663 922 .

89 928 243 954 whichffie
256 929 330 955 devfl
369 912 525 949 brachio
556 913 727 950 seculare
763 914 978 950 dominium
1009 913 1114 962 quod
1146 913 1323 951 d1abolus
1356 921 1565 963 usurpawt.
1626 913 1703 958 Sic,

90 963 212 995 usurped
225 962 231 987 l

369 771 542 819 accipere
572 771 703 809 debuit
732 784 754 808 a
784 772 886 809 clero
916 784 1029 809 suum
1058 772 1277 809 dominium
1300 773 1404 821 quod
1426 773 1609 811 dominus
1629 773 1701 810 sibi

368 982 539 1032 inquam,
573 996 741 1031 arguens
776 991 832 1021 est
867 984 979 1021 nimis
1013 991 1150 1033 patens
1181 984 1354 1033 sophista
1383 984 1546 1031 diaboli;
1579 991 1616 1022 et
1647 985 1701 1022 sic

368 1054 550 1103 potencia
569 1054 659 1092 cleri
679 1056 824 1101 cesarii,
846 1068 893 1092 ex
922 1056 1071 1093 cautela
1101 1056 1243 1094 diaboli
1273 1068 1387 1105 super
1417 1055 1586 1093 seculare
1617 1055 1700 1092 bra—
1717 1068 1757 1091 10

368 1124 498 1162 chium
531 1125 782 1172 invalescens,
814 1126 853 1163 in
887 1139 1030 1176 penam
1066 1128 1216 1179 peccati
1251 1127 1433 1165 secularis
1466 1125 1613 1163 brachii
1651 1127 1702 1163 ita

368 1196 494 1233 crevit.
554 1196 649 1234 Ideo
670 1197 784 1234 debet
808 1209 899 1234 cum
926 1196 1069 1235 Christi
1098 1198 1312 1247 prudencia
1341 1197 1547 1247 temperari
1578 1204 1615 1234 et
1646 1197 1700 1234 sie

368 1267 458 1304 cleri
488 1268 710 1317 temporalis
739 1269 921 1317 potencia
949 1270 1063 1306 debet
1093 1282 1183 1306 cum
1213 1270 1273 1306 dei
1303 1269 1499 1318 sapiencia
1523 1268 1699 1317 mitigari.

87 1346 355 1412 ἶξξυιῐζ-ῑξξεὲὶὲοιιγ
368 1337 418 1375 Et
439 1339 534 1375 sicut
554 1338 689 1375 dicitur
713 1340 1005 1376 constantinum
1035 1340 1230 1389 anglicum
1261 1341 1373 1377 istam
1393 1339 1588 1377 vesaniam
1618 1339 1700 1376 dia-

87 1414 210 1473 {gffiss
221 1414 341 1479 CssZ-yin
368 1409 536 1446 bolicam
566 1410 857 1459 presumpsisse,
878 1410 930 1447 ita
960 1418 1092 1460 posset
1121 1411 1215 1448 deus
1245 1411 1402 1448 faciliter
1423 1422 1553 1459 regem
1573 1409 1698 1458 anglie
1716 1427 1754 1459 15

86 1481 337 1540 &Ogssjessffljgffioe
368 1487 404 1518 et
432 1493 545 1518 suum
576 1481 784 1518 concilium
813 1481 863 1518 ad
893 1482 1202 1520 destruccionem
1232 1483 1315 1532 ejus
1343 1481 1578 1530 prudentem
1608 1493 1699 1518 cum

87 1547 279 1614 fflggnffing
292 1548 324 1574 0f
368 1551 550 1601 spirituali
579 1552 776 1601 juvamine
811 1552 1020 1598 ordinasse,
1053 1560 1089 1590 et
1123 1553 1214 1590 dare
1249 1553 1301 1590 eis
1336 1552 1544 1590 concilium
1575 1551 1699 1590 sancti

368 1623 520 1673 spiritus
540 1629 581 1659 ut
601 1635 671 1672 per
690 1623 859 1660 medium
881 1624 1014 1673 apcius
1036 1623 1109 1662 hoc
1135 1630 1372 1674 attemptent.
1431 1623 1508 1661 Sed
1532 1624 1624 1660 satis
1643 1630 1701 1660 est

367 1695 480 1731 nobis
507 1694 685 1743 detegere
716 1695 926 1732 diabolicas
956 1696 1133 1744 argueias
1162 1696 1201 1732 in
1231 1695 1452 1745 oppositum
1480 1693 1698 1732 fabricatas

366 1763 417 1802 Et
451 1766 506 1802 sic
541 1766 570 1803 si
601 1778 703 1815 papa
734 1767 782 1804 sit
811 1766 958 1815 juratus
992 1766 1042 1803 ad
1076 1767 1299 1816 oppositum
1330 1773 1388 1803 est
1422 1767 1570 1816 juratus
1609 1777 1697 1803 cum
1715 1780 1755 1802 κο

367 1836 520 1874 diabolo
550 1845 683 1874 contra
714 1837 921 1883 Christum,
958 1838 1054 1875 sicut
1083 1838 1268 1887 accepcio
1302 1837 1515 1875 medietatis
1549 1837 1700 1886 imperii

366 1907 435 1944 fuit
464 1920 510 1944 ex
541 1908 691 1945 cautela
720 1908 862 1945 diaboli
892 1915 1084 1957 usurpata.
1144 1907 1194 1945 Et
1224 1908 1255 1944 si
1283 1920 1385 1958 pape
1420 1907 1572 1952 subditi,
1602 1908 1699 1945 anti-

86 1994 148 2020 The
161 1994 338 2027 discipfflof
367 1978 496 2016 christi
516 1978 704 2027 discipuli,
726 1979 765 2015 in
794 1979 867 2017 isto
897 1979 969 2015 sibi
999 1979 1226 2024 resisterent,
1248 1979 1314 2016 ubi
1344 1979 1383 2016 in
1412 1990 1527 2016 causa
1558 1978 1699 2016 Christi

87 2028 248 2054 Antichrist
263 2035 335 2055 must
591 2050 598 2057 .
1390 2051 1395 2057 .
1439 2050 1446 2057 .
1655 2044 1672 2058 ε

86 2062 120 2087 be
134 2063 285 2094 gradually
366 2049 415 2086 ad
460 2056 684 2099 opposnum
725 2057 1007 2098 promoverent,
1049 2057 1136 2087 sunt
1175 2063 1265 2087 cum
1306 2050 1448 2088 Christi
1487 2050 1699 2099 prudencta

85 2096 207 2128 brought
221 2102 250 2122 to
263 2097 310 2122 the

86 2136 149 2155 true
162 2130 240 2162 path.
365 2119 554 2170 paulative
575 2121 624 2157 ad
645 2121 810 2158 veritatis
838 2122 1027 2159 tramitem
1049 2121 1271 2158 inclinandi.
1320 2121 1370 2158 Et
1391 2121 1485 2159 deus
1506 2121 1697 2158 ordinavit
1711 2130 1751 2163 25
1775 2120 1782 2123 i

366 2191 404 2227 in
438 2191 511 2228 isto
542 2197 717 2240 tempore
749 2192 799 2228 ad
831 2191 906 2229 hoc
939 2192 1068 2228 media
1105 2203 1180 2241 que
1220 2192 1354 2229 diebus
1387 2192 1573 2240 preteritis
1607 2199 1696 2229 sunt

365 2261 513 2298 mundo
535 2262 772 2299 abscondita.
813 2262 862 2298 Et
883 2270 1070 2312 quantum
1092 2262 1139 2299 ad
1161 2262 1503 2300 confirmacionem
1524 2261 1571 2299 de
1592 2261 1696 2300 facto

365 2332 493 2380 papali
529 2332 662 2369 dicunt
700 2333 859 2382 quidam
894 2334 999 2381 quod
1033 2341 1090 2370 est
1124 2333 1330 2371 maledicta
1360 2333 1564 2382 usurpacio
1597 2333 1696 2370 anti-

84 2407 147 2434 The
160 2401 504 2440 precedentoschristi.
562 2402 657 2441 Ideo
687 2403 783 2440 sicut
809 2416 971 2452 regnum
991 2404 1130 2454 Anglie
1152 2405 1311 2442 detinuit
1331 2405 1541 2454 prudenter
1572 2416 1696 2442 nona-

154 2451 160 2466 1

83 2442 303 2507 ξ’ῗῐῗεῖιειῗῗὶὲὲῗε
363 2480 500 2521 gentas
520 2485 671 2511 marcas
698 2474 737 2511 in
758 2475 897 2523 quibus
928 2475 978 2511 illi
1008 2475 1098 2512 inde
1129 2476 1329 2512 annuatim
1360 2487 1399 2512 se
1431 2475 1566 2512 dicitur
1597 2475 1751 2521 obli-30

83 2514 159 2534 must
173 2509 207 2534 be
220 2518 266 2535 ex-

85 2543 198 2569 tended·
364 2555 488 2592 gasse,
510 2544 565 2581 sic
587 2556 676 2581 cum
704 2545 914 2594 prudencia
944 2546 1083 2594 poterit
1113 2545 1264 2582 aliunde
1295 2546 1381 2594 paci
1412 2574 1421 2582 .
1452 2575 1460 2583 .
1491 2575 1498 2582 .
1530 2545 1694 2594 amplius

364 2614 404 2650 in
435 2615 592 2651 nomine
622 2615 768 2651 domini
797 2623 1036 2665 attemptare.
1095 2615 1145 2653 Et
1174 2617 1227 2653 sic
1252 2624 1438 2666 quantum
1462 2616 1511 2653 ad
1532 2629 1694 2666 regnum

364 2684 537 2734 hispanie
569 2715 576 2722 .
608 2714 615 2721 .
647 2714 656 2723 .
685 2686 724 2722 in
746 2686 819 2724 isto
839 2688 1127 2736 presumpserit,
1155 2699 1236 2724 non
1265 2694 1323 2725 est
1353 2688 1456 2725 aliud
1486 2688 1557 2724 nisi
1589 2687 1694 2736 quod

84 2762 128 2788 To
141 2763 244 2795 depo-<e
258 2762 341 2795 kings
364 2756 540 2793 diabolus
583 2756 632 2793 ad
670 2763 819 2806 tempus
849 2770 967 2806 parva
1008 2785 1016 2794 .
1048 2787 1056 2796 .
1087 2787 1095 2794 .
1135 2758 1216 2795 ihm
1249 2758 1457 2796 Christum.
1517 2758 1691 2796 Christus
1708 2767 1785 2797 120.

84 2796 185 2821 belona
317 2798 336 2809 ”

85 2806 201 2862 only-⁴³5
215 2803 244 2823 ω
257 2798 351 2824 cmm
364 2839 457 2875 ergo
487 2827 646 2876 deponit
674 2840 782 2877 reges
811 2828 999 2866 inhabiles
1028 2841 1096 2878 per
1119 2829 1334 2866 institutum
1354 2842 1464 2867 suum
1487 2829 1690 2868 abscondi·
1707 2844 1747 2876 35

365 2904 457 2943 tum,
479 2897 564 2936 ideo
584 2911 741 2936 necesse
761 2898 904 2937 habent
923 2912 1034 2948 reges
1055 2900 1208 2949 culpam
1229 2912 1339 2938 suam
1365 2901 1411 2938 de
1441 2900 1687 2939 defendendo
