1981 3390
82 284 135 325 92
594 277 855 310 SPECULUM
888 276 1119 309 ECCLESIE
1152 277 1456 309 MILITANTIS.

360 406 481 432 unum
515 394 844 443 predicamentum
881 391 988 443 quod
1019 393 1058 430 fit
1087 405 1268 431 mensura
1306 394 1480 431 omnium
1516 393 1690 439 aliorum,

359 465 600 502 attendamus
630 465 788 502 fideliter
818 464 866 501 ad
895 465 970 501 hoc
1000 464 1338 513 predicamentum,
1363 464 1467 512 quod
1496 464 1570 502 hoc
1601 465 1692 502 dicit

359 536 540 573 (lominus
563 536 621 573 vel
651 548 696 572 cx
727 535 811 584 lege
837 547 916 580 sua,
938 547 1031 584 ergo
1061 534 1134 572 hoc
1163 541 1220 572 cst
1249 535 1497 572 insolubiliter
1519 533 1537 553 *
1560 535 1689 572 obser-
1704 538 1747 569 D.
1765 539 1812 571 79
1826 547 1858 570 e.

355 608 537 644 vandum.
595 606 671 644 Sed
692 607 782 656 quia
803 606 1110 644 consuetudines
1131 607 1169 643 in
1190 606 1262 644 isto
1284 606 1474 651 deficiunt,
1497 606 1583 644 ideo
1604 614 1691 645 sunt

355 679 470 716 nichil
516 684 579 715 aut
626 678 824 716 modicum
867 690 889 715 a
928 677 1102 715 fidelibus
1145 677 1406 726 ponderande.
1477 676 1723 718 Erubescat5

357 762 451 799 ergo
485 750 683 786 maniacus
713 749 897 787 occiduus
936 749 974 785 in
1004 749 1076 786 ista
1110 749 1290 797 argucia:
1329 748 1414 786 talis
1450 749 1690 786 consuetudo

357 821 395 858 in
423 828 555 859 nostra
576 827 774 858 contracta
798 821 878 857 sine
899 820 1185 869 approbacione
1206 819 1351 857 domini
1373 826 1429 856 est
1450 819 1688 865 confirmata,

74 897 129 928 (iii)
141 897 180 922 As
193 902 222 923 to
236 896 283 922 the
358 905 452 941 ergo
481 898 536 929 est
555 891 747 928 katholico
775 891 1027 928 observanda.
1084 890 1134 927 Et
1163 903 1232 939 per
1252 890 1326 927 hoc
1357 897 1458 939 patet
1489 891 1689 940 responsio

76 932 116 956 Po
138 940 161 960 e.
180 930 203 956 if
212 931 295 956 Peter

74 940 157 990 001i³ld
171 964 223 994 ⁵1¹¹,
239 964 323 990 much
357 963 406 999 ad
427 963 583 1000 terciam
604 962 803 1011 arguciam
834 961 973 999 factam
1003 961 1051 998 de
1081 973 1194 1010 papa,
1217 961 1473 1010 supponendo
1502 968 1542 999 ut
1572 961 1688 1000 fidem

75 1007 150 1023 moxe
165 998 273 1024 canhe.
356 1034 462 1084 quod
491 1034 572 1083 ipse
602 1045 763 1082 peccare
792 1039 828 1069 et
858 1033 991 1069 errare
1013 1032 1151 1081 poterit
1179 1038 1220 1069 ut
1249 1032 1362 1069 ceteri
1389 1032 1563 1069 viatores.
1624 1032 1686 1070 Sic
1707 1043 1746 1066 ιο

355 1106 458 1143 enim
479 1105 653 1142 Christus
673 1103 861 1142 ordinavit
882 1103 1036 1140 Petrum
1057 1103 1110 1140 sic
1134 1115 1316 1152 peccasse
1343 1109 1430 1140 ante
1460 1104 1685 1142 missionem

356 1177 508 1226 spiritus
548 1176 669 1213 sancti
703 1183 738 1212 et
773 1182 860 1224 post
895 1175 1008 1211 illam.
1066 1174 1115 1211 Et
1155 1174 1270 1212 credo
1309 1174 1414 1223 quod
1453 1174 1579 1212 nullus
1616 1187 1689 1224 pro

355 1248 583 1285 verecundia
622 1247 776 1283 audebit
809 1245 934 1283 dicere
974 1246 1079 1294 quod
1115 1245 1247 1283 Petrus
1283 1252 1369 1295 post
1400 1253 1477 1282 tam
1513 1253 1687 1283 sanctam

355 1319 470 1356 vitam
500 1319 568 1355 suit
596 1318 721 1366 magis
749 1317 956 1366 peccabilis
985 1329 1102 1366 quam
1126 1324 1181 1353 est
1202 1329 1313 1365 papa.
1374 1316 1414 1353 Si
1444 1329 1537 1366 ergo
1566 1329 1689 1366 genus

356 1390 446 1428 cleri
479 1402 600 1438 usque
634 1389 672 1425 in
707 1388 913 1425 adventum
949 1387 1161 1424 antichristi
1194 1387 1233 1423 in
1268 1387 1435 1425 deterius
1476 1388 1744 1434 retrocedit,15

356 1461 509 1498 evidens
526 1467 581 1498 est
602 1459 740 1504 multis,
755 1459 857 1508 quod
882 1459 927 1496 sit
950 1470 1082 1496 recens
1103 1465 1138 1495 et
1159 1458 1403 1507 plenissimus
1429 1458 1688 1498 antichristus,

357 1533 457 1580 Quis
489 1545 582 1581 ergo
615 1532 763 1568 timeret
796 1531 906 1568 istam
943 1530 1161 1579 arguciam:
1202 1529 1290 1578 Ipse
1325 1529 1405 1567 sine
1445 1530 1601 1567 racione
1630 1531 1689 1567 vel

357 1603 589 1641 fundacione
621 1603 808 1651 scripture
839 1602 891 1639 sic
922 1601 1055 1638 asserit
1077 1600 1133 1637 vel
1163 1601 1487 1645 excommunicat,
1510 1614 1603 1650 ergo
1633 1609 1690 1639 est

357 1687 423 1712 sue
445 1674 637 1712 sentencie
664 1686 686 1710 a
707 1673 853 1710 cunctis
874 1672 1051 1709 fidelibus
1081 1671 1355 1709 insistendum:
1386 1684 1476 1709 cum
1501 1672 1546 1709 sit
1576 1684 1689 1721 argu-

357 1752 529 1783 mentum
546 1745 717 1794 topicum
730 1745 769 1781 in
784 1755 861 1793 quo
879 1743 1158 1780 racionabiliter
1171 1743 1405 1779 contrarium
1422 1743 1687 1781 concluditur?
1705 1760 1746 1782 20

76 1815 340 1842 Heisneitherthe
362 1816 510 1854 Fideles
531 1829 623 1865 ergo
644 1816 716 1853 sibi
740 1815 1036 1865 propinquiores
1065 1814 1188 1863 magis
1218 1813 1431 1863 percipiunt
1461 1814 1571 1851 istam
1602 1827 1688 1852 sen-

75 1850 148 1875 head
162 1850 193 1875 of
203 1850 250 1875 the
264 1849 324 1875 uni-

75 1884 165 1909 Ve‘Sffl
180 1883 294 1914 church’
360 1889 536 1934 tenciam,
558 1895 592 1925 et
613 1893 714 1937 patet
734 1887 839 1936 quod
859 1886 995 1923 falsum
1017 1885 1230 1930 assumitur,
1253 1884 1356 1934 quod
1376 1896 1478 1934 papa
1499 1885 1545 1922 sit
1564 1885 1691 1935 capud

76 1925 126 1942 nor
138 1917 243 1942 Peter-'s
253 1917 338 1948 vicar,

76 1951 268 1977 ”O‘Ch¹³⁵t's·
360 1960 582 1999 universalis
621 1959 781 1997 ecclesie
816 1958 836 1980 ss
872 1957 930 1994 vel
969 1957 1069 1993 Petri
1103 1956 1266 1993 vicarius
1304 1955 1361 1993 vel
1400 1956 1560 1994 vicarius
1598 1956 1690 2006 Jesu
1703 1963 1742 1994 c.
1760 1964 1805 1997 27
1819 1964 1855 1994 b.

360 2032 511 2076 Christi,
534 2030 601 2069 sed
631 2030 728 2067 inter
749 2040 884 2066 omnes
914 2027 1094 2065 mortales
1115 2028 1164 2064 ab
1184 2027 1253 2064 illis
1282 2027 1449 2064 maxime
1478 2027 1689 2075 elongatur.

358 2103 455 2140 Ideo
485 2103 523 2139 in
552 2102 636 2147 isto,
660 2100 767 2138 sicud
792 2100 831 2136 in
855 2099 939 2136 aliis
969 2098 1203 2147 argumentis
1229 2097 1430 2147 prioribus,
1453 2097 1689 2135 adversarius
1704 2111 1744 2144 25

357 2174 415 2212 vel
435 2174 572 2210 falsum
602 2172 771 2218 assumit,
801 2171 858 2208 vel
887 2171 925 2206 in
956 2169 1111 2219 sequela
1142 2169 1279 2215 deficit,
1299 2168 1358 2206 vel
1388 2168 1540 2206 silenter
1569 2168 1691 2206 innuit

357 2253 527 2283 nostram
547 2244 782 2282 sentenciam
803 2254 885 2279 esse
905 2253 1044 2278 veram.
1076 2239 1179 2286 Quia
1199 2246 1275 2286 aut,
1292 2246 1332 2276 ut
1349 2240 1530 2278 Averrois
1545 2240 1689 2287 asserit,

358 2317 494 2354 veritas
533 2321 691 2352 testatur
729 2313 989 2362 multipliciter
1027 2312 1098 2349 sibi
1137 2311 1220 2360 ipsi,
1251 2317 1287 2348 et
1318 2310 1529 2348 secundum
1559 2311 1690 2349 fideles

358 2388 535 2425 doctores
559 2386 607 2424 de
628 2392 773 2435 quanto
788 2385 923 2422 veritas
944 2382 1030 2432 plus
1050 2382 1191 2427 teritur,
1213 2381 1260 2419 de
1280 2387 1386 2419 tanto
1407 2381 1582 2419 fidelibus
1601 2382 1690 2431 plus

357 2458 569 2496 redolescit.
1704 2468 1746 2498 30

76 2536 166 2597 {lhirtd
179 2544 261 2569 argu-
414 2529 556 2566 Tercio
585 2527 844 2578 principaliter
873 2531 1037 2575 arguunt
1066 2523 1270 2562 adversarii
1297 2523 1394 2573 legis
1423 2523 1496 2570 dei,
1517 2523 1691 2561 videntes

107 2580 140 2596 en
156 2585 188 2588 —

361 2600 467 2651 quod
489 2599 724 2637 auctoritatis
743 2598 838 2646 legis
860 2597 919 2634 dei
943 2596 960 2615 *
983 2601 1170 2645 expertes,
1195 2607 1262 2644 per
1290 2595 1488 2632 racionem
1509 2594 1689 2644 sophisti-
1704 2601 1748 2631 D.
1765 2601 1814 2633 79
1827 2600 1862 2630 d.

79 2683 141 2708 The
155 2683 260 2716 clergy,
276 2682 315 2709 in-
363 2684 449 2710 cam
470 2670 687 2720 palliatam:
715 2667 966 2705 Manifestum
987 2673 1055 2713 cst,
1074 2666 1262 2715 inquiunt,
1279 2665 1384 2715 quod
1404 2666 1474 2703 ista
1494 2667 1692 2704 sentencia

77 2717 160 2742 Stead
173 2717 205 2743 Os
362 2750 419 2782 est
449 2741 639 2780 contraria
667 2739 825 2784 racioni,
847 2739 938 2789 quia
967 2738 1100 2784 innuit,
1130 2737 1235 2787 quod
1266 2737 1405 2783 clerici,
1435 2738 1501 2786 qui
1530 2738 1577 2775 de
1605 2738 1691 2787 lege

411 2844 436 2866 1.
463 2834 590 2875 sit,pro
607 2832 656 2871 fit,
672 2831 716 2862 13¹.
863 2838 892 2870 5.
917 2829 981 2867 vel,
992 2834 1056 2870 pro
1071 2833 1138 2867 aut,
1155 2837 1186 2867 C,
1201 2837 1237 2860 D.
1382 2838 1434 2868 31.
1458 2828 1616 2864 ludentes,
1627 2832 1692 2869 pro

361 2887 517 2923 videntes,
537 2893 566 2924 c,
586 2893 620 2916 D.
690 2893 740 2924 32.
767 2885 842 2914 sunt
859 2885 1015 2923 expertes,
1033 2889 1062 2920 c,
1080 2890 1115 2913 Ι).
1186 2890 1235 2922 34.
1261 2884 1348 2913 cont.
1366 2884 1424 2919 est,
1441 2880 1508 2912 ortl.
1526 2881 1596 2913 inv.
1609 2887 1642 2919 C,
1654 2888 1688 2912 D.
