1981 3390
117 293 170 337 70
625 292 883 326 SPECULUM
917 292 1144 325 ECCLESIE
1179 293 1486 324 MILITANTIS.

113 409 377 476 ffsseffigffixfgffos
395 407 450 447 sui
479 407 639 446 dominii
669 408 818 446 confert
844 408 1085 457 regna‚——sic
1110 409 1213 446 enim
1243 408 1360 446 fertur
1386 408 1468 457 regi
1498 408 1625 458 anglie
1657 408 1723 446 de-

113 477 272 543 Zgffijrfeif‘gg
285 477 364 536 ¹122}-
395 479 494 516 disse
523 478 736 516 hiberniam
766 486 803 516 et
832 479 1042 528 degradato
1071 491 1150 516 uno
1180 491 1269 528 rege
1301 479 1475 528 hispanie
1505 479 1612 517 alteri
1642 480 1726 529 regi

114 545 229 604 ῙΙῗῇζῐξὲ
240 544 380 610 §gyon
394 549 545 587 dedisse
574 549 804 599 hispaniam.
864 550 963 596 Quis
992 561 1085 598 ergo
1115 549 1324 598 deponeret
1349 562 1459 598 reges
1480 549 1669 588 inhabiles
1688 556 1726 588 et

114 610 380 676 ffissssssffiisgffiss'
395 632 505 670 reges
539 620 686 658 habiles
715 620 914 658 induceret
943 620 1015 657 nisi
1046 632 1158 670 papa,
1181 632 1270 658 curn
1301 621 1348 657 sit
1379 632 1552 658 summus
1582 620 1725 659 Christi

113 688 167 704 one
180 679 263 705 could
274 679 364 705 better

114 712 246 738 exercise,
395 692 557 729 vicarius
595 699 632 729 et
670 691 834 741 pertinet
872 703 1026 729 summo
1057 698 1206 729 terreno
1240 691 1368 729 officio
1402 691 1478 729 hoc
1511 693 1758 741 temptare?5

396 762 480 801 Nec
500 770 554 800 est
576 762 734 800 faciliter
755 762 937 810 fingenda
958 763 1061 800 racio
1086 774 1204 811 quare
1231 762 1318 800 licet
1347 762 1554 800 mundanis
1585 763 1727 812 princi·

394 835 506 883 pibus
536 833 683 871 auferre
713 833 912 870 mundana
941 833 1113 871 dominia
1143 833 1196 870 sic
1226 846 1248 870 a
1275 833 1377 871 clero
1398 833 1640 871 habitualiter
1661 834 1726 871 de-

115 908 146 935 If
155 908 202 935 the
215 908 324 935 secular
392 904 602 954 linquente,
636 904 729 953 quin
768 916 835 953 per
873 903 962 941 loco
997 915 1019 941 a
1057 904 1194 953 majori
1227 903 1315 941 licet
1347 904 1532 954 spirituali
1566 905 1726 942 brachio

112 952 172 968 arm
186 952 251 975 may
264 943 355 969 disen-

112 977 357 1042 ἓῗὶζνῑίξῖνειᾷξῖιξγ
393 976 540 1014 auferre
574 976 758 1013 secularia
793 975 966 1012 dominia
995 987 1018 1012 a
1047 975 1249 1024 temporali
1284 976 1444 1014 brachio
1479 975 1725 1014 habitualiter

112 1044 381 1104 ξξξᾶξζῐῗζέζεξζιιπ
394 1047 650 1097 delinquente.
708 1047 758 1084 Et
779 1053 908 1083 tamen
929 1046 1004 1084 hoc
1034 1047 1197 1095 contigit
1226 1046 1372 1084 facilius
1402 1054 1439 1084 et
1467 1054 1573 1097 patet
1602 1048 1783 1097 major-10

113 1111 355 1178 {ssss‘sfigffighg}
393 1119 586 1156 autoritas.
663 1117 826 1155 Videtur
857 1117 961 1167 quod
992 1117 1132 1155 docere
1167 1117 1280 1155 debet
1314 1119 1451 1167 pocius
1484 1131 1504 1156 e
1537 1131 1727 1157 converso

393 1189 499 1238 quod
532 1189 659 1227 clerici
691 1189 863 1226 auferant
901 1195 1023 1227 totum
1057 1189 1225 1226 seculare
1260 1190 1475 1228 dominium
1510 1203 1532 1227 a
1567 1190 1727 1227 brachio

393 1260 555 1298 seculari
577 1267 613 1297 et
634 1267 827 1297 reservent
847 1273 894 1297 ex
917 1261 1067 1309 integro
1089 1261 1215 1309 ipsum
1236 1261 1318 1298 sibi.

118 1325 182 1352 νίν·
204 1327 343 1353 AUSWUS·
449 1331 637 1369 VERITAS.
696 1331 776 1368 Ista
807 1332 960 1380 argucia
981 1343 1060 1368 non
1083 1338 1227 1368 teneret
1247 1332 1320 1368 nisi
1342 1344 1408 1380 per
1428 1331 1558 1369 locum
1579 1343 1601 1369 a
1623 1332 1728 1369 simi-

394 1403 441 1439 ali
464 1402 711 1439 similitudine
734 1409 771 1439 et
792 1403 991 1439 autoritate
1013 1403 1168 1448 diaboli,
1191 1415 1234 1440 ac
1257 1404 1285 1439 si
1309 1403 1484 1440 diabolus
1505 1403 1615 1440 vellet
1643 1403 1727 1440 des·
1744 1413 1781 1444 15

393 1480 517 1511 truere
542 1480 663 1511 totam
685 1474 926 1511 autoritatem
943 1474 1088 1511 ordinis
1103 1474 1322 1520 Christiani,
1338 1475 1562 1513 extollendo
1583 1488 1728 1525 papam

112 1547 347 1615 ssigffigfissgiffide
395 1557 511 1595 super
550 1557 687 1583 omnes
726 1546 920 1594 principes
956 1545 1207 1583 Christianos.
1279 1546 1464 1584 Concedo
1499 1559 1602 1595 ergo,
1639 1559 1727 1583 cum

113 1616 328 1683 Εξὲὲἓίἰξῖῑὲῐῇζ
395 1617 547 1654 cederet
577 1617 626 1654 ad
660 1616 865 1654 radicalem
895 1617 1215 1666 pacificacionem
1245 1617 1421 1664 ecclesie,
1454 1618 1560 1667 quod
1590 1629 1728 1655 omncs

112 1684 323 1749 {ffigffifflne’
394 1694 467 1725 tres
489 1688 570 1737 ejus
590 1694 716 1736 partes
746 1688 885 1725 debent
915 1688 964 1725 ad
994 1689 1106 1725 istam
1137 1689 1429 1726 ordinacionem
1460 1689 1606 1726 domini
1638 1701 1726 1726 cum

112 1751 289 1776 seculararm

112 1784 246 1817 granting
257 1793 293 1810 no
306 1794 368 1811 new

112 1818 314 1849 endowments‚

112 1852 169 1876 and
183 1857 231 1877 not
245 1861 349 1877 renew-

112 1884 161 1917 ing
174 1885 220 1911 old
235 1895 301 1911 ones

112 1919 194 1944 when
211 1919 277 1952 they
291 1920 376 1952 lapse,
394 1901 524 1938 chium
545 1901 889 1939 mortificacionem
911 1901 957 1938 de
979 1908 1108 1939 cetero
1128 1902 1383 1951 precavendo,
1401 1909 1437 1939 et
1458 1914 1547 1939 curn
1569 1902 1727 1940 mortifi-

393 1759 604 1809 prudencia
644 1759 841 1796 laborare:
897 1759 1019 1796 clerus
1059 1760 1256 1797 monendo
1290 1773 1356 1809 per
1387 1760 1604 1797 evidencias
1640 1760 1726 1798 fidei
1744 1772 1782 1794 20

394 1830 576 1878 scripture
613 1842 661 1867 ne
696 1830 807 1866 cadat
842 1831 880 1866 in
912 1830 1075 1867 heresim
1108 1843 1155 1868 ex
1191 1842 1406 1877 consensu;
1438 1831 1610 1868 seculare
1640 1831 1728 1868 bra-

393 1972 502 2009 cacio
533 1972 572 2008 in
593 1984 732 2008 manus
753 1983 839 2009 suas
861 1972 1016 2018 venerit,
1037 1972 1143 2021 quod
1165 1984 1256 2022 sepe
1279 1973 1466 2022 contingit
1486 1973 1566 2022 regi
1588 1973 1725 2022 anglie,

392 2041 719 2091 repplicacionem
753 2043 903 2091 peccati
933 2043 1022 2080 cleri
1053 2050 1187 2080 contra
1216 2042 1417 2081 dominum
1451 2043 1725 2081 subtrahendo.

394 2112 518 2150 Multe
539 2121 666 2150 autem
687 2121 775 2151 sunt
795 2113 1041 2162 particulares
1062 2114 1269 2162 prudencie
1296 2127 1343 2151 ex
1375 2115 1512 2164 quibus
1542 2115 1611 2152 ista
1640 2127 1726 2164 pre-
1742 2128 1780 2160 25

111 2181 379 2248 ssgssffsssigffiaffg
393 2184 583 2221 varicacio
630 2184 709 2221 tolli
748 2185 886 2233 poterit
924 2184 1125 2233 paulatim,
1176 2191 1218 2221 ut
1256 2184 1422 2222 dicendo
1472 2184 1650 2222 fratribus
1689 2192 1726 2223 et

111 2249 354 2315 }{s¹e}}2n{2{2e³¹
393 2256 541 2293 cunctis
574 2256 836 2294 sacerdotibus
866 2257 973 2305 regni
1008 2257 1134 2306 anglie
1165 2257 1270 2306 quod
1300 2258 1370 2293 sub
1399 2269 1499 2306 pena
1527 2256 1726 2306 legalitatis

111 2317 223 2342 declare
237 2317 363 2344 whether

111 2351 289 2376 endowment
303 2351 326 2376 is

110 2385 364 2449 fiffffifflffissfotrhe
394 2397 534 2434 divine.
592 2397 665 2434 Vel
694 2398 800 2435 aliter
829 2397 933 2446 quod
955 2399 1026 2435 sub
1053 2411 1155 2447 pena
1175 2398 1414 2448 equivalente
1435 2399 1565 2436 dicant
1586 2399 1666 2448 regi
1687 2405 1725 2436 et

111 2451 364 2511 gxtvtgssggsighfflub-
393 2481 524 2518 regno,
538 2481 585 2506 ex
603 2468 747 2506 efficaci
762 2470 961 2506 autoritate
975 2470 1159 2518 scripture
1175 2470 1231 2507 vel
1245 2470 1411 2514 racione,
1423 2470 1514 2518 quid
1535 2470 1574 2506 in
1590 2476 1724 2507 natura
1740 2480 1782 2511 30

113 2519 200 2546 Host.

394 2338 459 2363 sue
493 2326 625 2363 dicant
660 2327 739 2375 regi
773 2334 809 2364 et
840 2340 961 2376 regno
996 2327 1025 2364 si
1057 2328 1128 2364 ista
1163 2328 1317 2365 dotacio
1352 2328 1399 2365 sit
1438 2339 1612 2365 consona
1650 2328 1725 2377 legi

393 2551 461 2577 sua
481 2540 526 2576 sit
546 2540 628 2588 ipsa
648 2539 774 2577 hostia
794 2547 1030 2578 consecrata.
1087 2540 1205 2577 Tales
1226 2547 1353 2578 autem
1375 2548 1464 2578 sunt
1484 2541 1590 2577 multi
1612 2553 1723 2578 casus

392 2611 595 2648 necessarii
617 2611 666 2647 ad
686 2611 868 2648 noticiam
890 2611 1011 2649 fidelis
1032 2613 1139 2660 regni
1170 2612 1208 2648 in
1238 2613 1377 2661 quibus
1405 2620 1512 2662 pater
1532 2613 1723 2650 mendacii

391 2681 654 2719 antichristum
683 2688 720 2719 et
749 2694 886 2719 omnes
916 2694 1005 2720 suos
1035 2682 1195 2720 clericos
1226 2695 1348 2732 usque
1379 2683 1493 2721 hodie
1518 2685 1723 2722 excecavit.

392 2752 556 2798 Quesito
587 2760 714 2790 autern
746 2765 768 2790 a
802 2752 904 2790 clero
935 2759 1068 2791 nostro
1099 2754 1251 2802 publice
1284 2756 1355 2791 sub
1388 2754 1523 2792 eadem
1556 2767 1657 2804 pena
1692 2755 1722 2791 si

392 2829 509 2859 status
539 2824 769 2872 paupertatis
798 2823 957 2861 honeste
987 2836 1103 2873 quern
1129 2825 1303 2862 Christus
1331 2825 1461 2862 docuit
1490 2826 1529 2862 in
1549 2826 1665 2862 verbo
1685 2832 1722 2863 et
1737 2839 1775 2870 35

391 2905 506 2941 opere
528 2893 574 2931 sit
595 2894 804 2942 perfeccior
833 2901 868 2932 et
893 2895 1177 2933 consonancior
1208 2895 1382 2932 militanti
1413 2895 1573 2933 ecclesie
1603 2907 1721 2945 quam
