1981 3390
105 284 161 327 54

105 413 134 434 to
148 405 329 439 sels-secking

105 442 160 467 and
175 440 343 473 bickerings.

105 908 150 934 An
164 907 317 934 unlearned

106 951 170 967 man
185 941 252 967 with
267 941 355 967 God’s

105 985 189 1008 grace
203 976 270 1001 does
284 984 360 1000 more

105 1010 148 1035 sor
161 1009 208 1035 the
222 1009 335 1035 Church

105 1043 173 1068 than
188 1051 273 1075 many

105 1077 269 1109 graduateS.

108 1400 266 1428 Scholastic

106 1435 220 1461 studies.
234 1436 272 1467 by
282 1433 369 1461 God's

106 1478 199 1501 grace,
216 1469 287 1494 have
301 1477 358 1494 cer-

107 1503 197 1534 tainly
206 1502 278 1528 done
287 1502 371 1534 good,

106 1537 157 1562 but
171 1536 264 1561 would
278 1536 351 1560 have

107 1570 180 1595 done
194 1578 269 1595 more
283 1569 339 1594 had

108 1603 163 1628 His
176 1603 341 1628 commands

108 1636 178 1662 been
192 1637 311 1667 obeyed.

107 1670 189 1702 They
202 1670 297 1695 rather

106 1703 191 1729 breed
205 1704 272 1728 than

107 1738 221 1769 destroy
235 1735 366 1762 heresies.

109 1771 233 1796 Benefits
246 1772 316 1796 from

108 1805 184 1830 them
197 1813 244 1829 are
257 1804 328 1830 acci-

108 1838 212 1866 dental.
228 1838 283 1863 and
297 1846 344 1862 are

107 1871 288 1903 outweighed
304 1871 341 1903 by

108 1905 180 1931 their
192 1905 271 1931 evils.

108 2039 233 2065 XVitness
246 2038 294 2064 the

108 2073 209 2105 heresy
221 2082 252 2098 as
265 2078 294 2098 to
307 2072 355 2098 the

110 2113 208 2132 nature
221 2107 253 2132 of
263 2107 311 2132 the

110 2140 194 2166 Host.

112 2393 216 2425 Simple
230 2391 331 2426 priests

109 2436 156 2452 are
170 2427 260 2452 better

111 2461 238 2486 teachers
251 2460 319 2486 than

110 2503 166 2526 any
181 2493 355 2526 University.

622 279 879 312 SPECULUM
912 278 1139 311 ECCLESIE
1173 277 1477 310 MILITANTIS.

384 397 423 434 in
461 396 768 434 universitatibus
802 400 967 444 querunt
1001 407 1075 444 que
1111 407 1180 432 sua
1215 401 1315 441 sunt,
1356 393 1524 432 caritatis
1562 392 1717 442 regulas

384 468 602 506 deserentes
615 480 624 514 ;
652 479 699 504 ex
721 478 798 515 quo
820 465 1008 515 pullulant
1028 464 1176 512 invidie,
1192 465 1512 514 comparaciones
1531 474 1716 513 persona-

382 551 469 576 rum
493 546 530 576 et
554 538 688 588 patrie,
709 544 746 574 et
771 536 892 574 multa
919 536 992 573 alia
1021 536 1224 574 seminaria
1248 536 1367 585 patris
1393 535 1597 581 mendacii,
1619 534 1717 572 sicut

383 616 573 648 noverunt
602 609 668 659 qui
697 608 969 658 particulariter
999 607 1246 645 considerant
1274 606 1385 643 istam
1406 605 1563 644 scolam.
1621 604 1716 642 Ideo

384 683 560 732 objectus
581 687 715 719 contra
736 679 921 717 secularia
940 679 1111 716 dominia
1132 678 1360 716 clericorum
1379 684 1416 715 et
1431 675 1715 726 appropriacio-
1730 685 1748 716 5

385 765 454 791 nes
481 752 727 790 ecclesiarum
756 757 858 788 stant
877 750 1053 788 vivaciter
1073 756 1208 788 contra
1229 749 1332 787 istos
1390 747 1439 786 Et
1459 754 1647 797 quantum
1669 745 1718 783 ad

387 824 552 861 fructum
591 829 739 860 certum
778 821 924 858 videtur
962 820 1066 869 quod
1103 832 1202 858 unus
1241 820 1373 865 idiota,
1417 819 1610 856 mediante
1659 817 1718 854 dei

386 895 527 946 gracia,
549 893 634 943 plus
655 893 804 943 proficit
832 892 880 929 ad
907 890 1167 928 edificandum
1195 890 1337 928 Christi
1367 890 1571 927 ecclesiam
1601 900 1719 937 quam

386 966 494 1003 multi
519 964 694 1014 graduati
718 964 756 1000 in
785 963 899 1001 scolis
931 963 1007 1000 sive
1036 961 1216 1010 collegiis,
1242 961 1331 1010 quia
1351 961 1515 998 seminat
1539 959 1719 996 humilius

386 1045 422 1075 et
453 1037 645 1086 copiosius
675 1035 800 1084 legem
831 1033 971 1072 Christi
998 1040 1077 1070 tam
1098 1045 1214 1082 opere
1235 1044 1354 1081 quam
1376 1044 1566 1070 sermone.
1623 1030 1719 1068 Ideo
1735 1043 1775 1065 10

387 1109 417 1145 si
444 1120 581 1146 omnes
612 1106 874 1145 solicitudines
904 1104 1095 1154 superflue
1126 1110 1317 1152 quantum
1347 1102 1396 1140 ad
1425 1102 1719 1140 edificacionem

386 1179 546 1217 ecclesie
591 1177 718 1215 forent
751 1176 901 1214 abscise
941 1177 990 1213 ab
1029 1175 1109 1213 istis
1150 1174 1371 1220 scolasticis,
1406 1174 1464 1211 vel
1503 1180 1627 1212 totum
1661 1172 1720 1209 vel

387 1250 513 1300 major
541 1261 630 1299 pars
659 1248 909 1297 ocupacionis
939 1247 1050 1296 hujus
1081 1247 1129 1283 ab
1159 1246 1321 1284 ecclesia
1350 1244 1555 1283 raderetur.
1614 1244 1720 1282 Con-

389 1322 534 1358 ceditur
569 1327 698 1357 tamen
730 1318 836 1367 quod
873 1318 1005 1355 omnia
1036 1318 1107 1354 ista
1137 1323 1216 1354 tam
1247 1316 1370 1353 studia
1400 1328 1518 1366 quam
1548 1315 1718 1364 collegia,

388 1392 486 1429 sicut
516 1390 655 1429 diaboli
685 1389 894 1439 proposita,
924 1388 1160 1437 profuerunt,
1193 1387 1260 1425 sed
1290 1399 1371 1424 non
1406 1387 1559 1432 directe,
1585 1397 1719 1435 ymmo
1735 1395 1773 1427 15

388 1463 579 1500 mediante
596 1461 656 1499 dei
669 1462 800 1510 gracia
815 1474 824 1507 3
846 1467 882 1497 et
897 1472 992 1508 pure
1007 1458 1221 1496 secundum
1235 1458 1359 1507 legem
1376 1464 1412 1495 et
1428 1457 1720 1496 ordinacionem

387 1547 499 1572 suam
519 1533 605 1583 plus
626 1532 785 1570 ecclesie
806 1531 1047 1580 profuissent.
1088 1530 1139 1567 Et
1158 1536 1344 1578 quantum
1365 1529 1414 1566 ad
1435 1529 1720 1566 destrucciones

388 1605 577 1651 heresum,
599 1604 745 1641 videtur
766 1603 893 1640 multis
919 1601 1023 1651 quod
1051 1601 1138 1638 talia
1169 1600 1291 1638 studia
1321 1607 1408 1637 sunt
1437 1600 1547 1637 nidus
1577 1599 1720 1636 heresis

388 1682 425 1713 et
462 1675 689 1720 fomentum,
732 1674 790 1711 vel
826 1673 855 1710 si
894 1672 911 1692 *
946 1672 1178 1722 quandoque
1218 1678 1380 1721 prosunt
1418 1684 1486 1720 per
1525 1670 1718 1716 accidens,
1734 1673 1776 1703 B.
1791 1673 1835 1702 14
1849 1673 1884 1702 d.

388 1747 486 1784 sicut
508 1746 673 1784 sciencie
700 1757 774 1794 que
802 1743 947 1782 domini
977 1744 1166 1793 theologie
1196 1743 1501 1792 graduacionem
1523 1749 1559 1779 et
1580 1741 1720 1779 confir·
1736 1753 1776 1775 20

387 1818 608 1855 macionem
629 1828 740 1854 suam
767 1815 1004 1864 aliquociens
1024 1816 1272 1859 obsecuntur,
1294 1813 1368 1851 hoc
1391 1820 1560 1850 rarenter
1584 1813 1720 1858 evenit,

387 1896 424 1926 et
453 1895 615 1938 peccata
645 1900 713 1925 sua
734 1887 791 1924 vel
813 1886 1034 1924 omissionis
1061 1885 1119 1922 vel
1141 1884 1427 1923 commissionis
1448 1884 1574 1933 sepius
1595 1884 1721 1921 eveni-

387 1966 457 1997 unt
477 1960 516 1996 in
536 1959 608 1996 hiis
628 1958 737 1996 locis.
779 1957 833 1995 Ut
849 1969 924 2006 que
941 1957 1121 1995 securitas
1137 1963 1193 1994 est
1206 1956 1244 1992 in
1257 1955 1337 1993 istis
1355 1955 1598 1993 defendendo
1616 1954 1720 2004 quod

387 2031 512 2069 hostia
543 2036 770 2067 consecrata
799 2041 879 2066 non
900 2029 947 2066 sit
967 2041 1107 2077 corpus
1128 2027 1273 2066 domini
1294 2026 1361 2064 sed
1382 2026 1563 2064 accidens
1584 2026 1721 2075 incog-

388 2102 510 2139 nitum
532 2101 612 2138 sine
633 2102 820 2150 subjecto,
844 2107 885 2137 ut
911 2106 1083 2137 reserant
1110 2111 1208 2137 nove
1239 2099 1368 2136 secte?
1426 2098 1478 2135 Et
1508 2098 1561 2135 sic
1588 2103 1644 2134 est
1673 2096 1720 2134 de
1738 2106 1775 2140 25

387 2173 469 2211 aliis
494 2173 692 2210 heresibus
717 2172 862 2210 noviter
890 2171 1161 2220 pullulantibus
1192 2176 1327 2208 contra
1356 2169 1483 2215 fidem,
1506 2181 1597 2206 nam
1620 2169 1641 2192 ’³‘
1664 2170 1720 2204 in·
1736 2171 1791 2203 B¹.
1808 2173 1873 2205 157
1887 2173 1922 2203 b.

388 2243 553 2293 spiracio
569 2243 814 2280 sacerdotum
833 2242 1074 2292 simplicium,
1092 2249 1170 2279 tam
1188 2241 1225 2278 in
1242 2242 1384 2279 noticia
1397 2253 1513 2290 quarn
1530 2240 1568 2277 in
1585 2252 1721 2289 opera-

388 2314 500 2351 cione
521 2314 745 2358 voluntaria,
767 2313 852 2363 plus
873 2313 891 2332 *
911 2312 1080 2362 proderit
1105 2312 1306 2361 capacitati
1337 2311 1504 2348 fidelium
1535 2310 1720 2347 laicorum
1735 2313 1809 2343 113.

389 2396 507 2433 quam
528 2396 665 2422 omnes
687 2384 787 2421 dicte
803 2384 1068 2420 universitates
1082 2394 1171 2420 curn
1193 2381 1323 2419 studiis
1345 2382 1422 2419 suis
1442 2381 1719 2431 adjacentibus,

390 2455 447 2493 vel
481 2455 685 2505 privilegiis
718 2454 848 2504 laycos
878 2454 1177 2507 deprimentibus
1206 2454 1226 2476 *
1257 2453 1455 2502 ipocritice
1484 2451 1720 2489 introductis.
1734 2457 1772 2486 c.
1789 2456 1830 2487 17
1844 2463 1874 2484 a.

391 2526 475 2564 Nec
510 2527 580 2563 ista
614 2526 818 2563 asserimus
852 2532 1006 2574 propter
1039 2524 1222 2562 invidiam
1256 2523 1323 2561 sed
1358 2530 1514 2572 propter
1548 2534 1720 2560 amorem

435 2681 465 2713 6.
488 2680 572 2716 illos,
583 2685 647 2721 pro
663 2680 753 2715 istos,
771 2687 802 2718 Β,
820 2679 865 2718 13¹,
884 2679 976 2715 tales,
993 2687 1025 2711 C.
1156 2687 1207 2711 12.
1231 2681 1311 2715 tota,
1329 2685 1360 2717 Β,
1378 2686 1409 2710 C.
1536 2686 1586 2717 13,
1610 2675 1721 2718 hujus-

391 2733 494 2772 modi,
511 2741 543 2771 B,
561 2740 592 2763 C.
685 2741 733 2771 15.
757 2736 893 2773 peecata
909 2741 967 2772 per
983 2730 1144 2770 accidens,
1156 2735 1220 2772 pro
1237 2731 1417 2772 proposita,
1432 2737 1464 2767 Β,
1482 2729 1526 2767 13¹,
1545 2737 1576 2761 C.
1669 2738 1720 2760 20.

391 2785 528 2817 ecclesie
551 2783 828 2825 quemadmodum
846 2784 1014 2824 theologie
1038 2784 1079 2814 ad
1103 2783 1265 2819 decorem,
1280 2787 1344 2823 pro
1368 2792 1412 2813 sc.
1433 2791 1495 2822 que
1511 2781 1599 2813 dom.
1619 2781 1721 2812 theol.

391 2836 496 2877 grad„
515 2844 546 2874 B,
562 2836 605 2874 13¹,
619 2844 650 2868 C.
770 2844 819 2866 22.
842 2835 894 2866 vel
911 2835 1087 2867 obmissius
1103 2834 1154 2866 vel
1175 2833 1394 2873 commissius,
1412 2841 1443 2869 Β,
1462 2833 1504 2868 13¹,
1518 2841 1549 2865 C.
1670 2841 1719 2872 23.

392 2887 515 2925 multis,
528 2892 590 2928 pro
607 2887 691 2926 istis,
711 2895 742 2925 B,
758 2886 801 2926 13¹,
816 2895 847 2918 c.
