1981 3390
49 771 90 801 B.
109 771 154 800 18
166 772 202 802 d.

41 2011 119 2043 119.

503 295 760 327 SPECULUM
793 295 1021 326 ECCLESIE
1056 295 1362 327 MILITANTIS.
1819 286 1874 343 69

270 408 344 446 vita
369 410 581 458 apostolica
611 417 667 448 est
691 411 775 460 plus
800 424 822 448 a
853 411 1025 448 fidelibus
1053 411 1286 448 attendenda
1316 423 1432 460 quam
1462 421 1597 449 omnes
1609 416 1874 482 tlgguttsszeigwasfflx'sse

269 479 341 517 vite
375 481 648 530 episcoporum
683 482 841 519 divitum
871 482 927 519 vel
957 482 1045 519 cleri
1077 481 1240 527 alterius,
1271 482 1358 518 licet
1388 482 1857 545 501npssistffigggg'ssssgsszffissffl

268 549 405 588 fuerint
426 564 528 590 nunc
549 553 588 589 in
609 553 840 590 beatitudine
867 552 1031 590 residere
1049 565 1055 589 :
1088 552 1183 589 fides
1212 552 1316 589 enim
1344 553 1468 598 docet,
1490 552 1595 601 quod
1607 552 1832 619 §ffr‘ghffissgf‘bly

268 622 432 672 apostoli
466 635 655 672 pauperes
688 631 775 660 sunt
814 623 925 668 beati,
962 623 1030 660 sed
1064 635 1143 660 non
1176 623 1289 660 docet
1318 623 1408 660 illud
1439 623 1485 660 de
1515 624 1595 661 istis
1747 615 1752 622 ¹

235 692 454 739 5divitibus‚
495 693 562 730 sed
604 693 739 742 pocius
778 693 892 730 docet
931 693 1099 741 practice
1133 692 1241 742 quod
1279 694 1595 731 canonisacioncs

266 763 425 800 istorum
455 775 542 800 care
571 776 642 812 pro
671 764 837 812 pecunia
865 769 973 800 erant
1003 770 1143 812 empte.
1204 763 1320 800 Iudas
1341 763 1454 809 enim,
1478 775 1595 812 quern

267 833 441 871 Christus
462 841 574 871 vocat
593 834 713 871 filium
734 834 978 883 perdicionis,
1005 833 1130 871 adhuc
1159 834 1199 870 in
1229 834 1304 870 fine
1326 834 1396 870 vite
1419 846 1486 871 sue
1506 846 1594 882 pro-

264 903 351 941 iecit
371 912 574 953 argenteos
586 911 622 942 et
639 905 703 950 sic,
718 905 805 942 licet
818 905 1043 954 desperavit,
1059 905 1149 941 abiit
1163 905 1254 941 satis
1270 917 1439 953 pauper;
1462 904 1595 941 fratres

266 981 394 1012 autem
414 975 588 1013 videntur
609 988 785 1024 superare
809 974 997 1020 Scarioth,
1019 987 1066 1012 eo
1087 976 1194 1024 quod
1220 975 1405 1012 incollunt
1434 987 1595 1012 manen-

214 1051 342 1084 10tem
363 1046 563 1092 civitatem,
585 1059 630 1083 ac
661 1047 692 1083 si
721 1046 768 1083 de
798 1046 926 1083 celesti
956 1046 1164 1082 Ierusalem
1195 1046 1453 1095 desperarent,
1477 1053 1514 1084 et
1541 1046 1594 1083 sic

265 1123 421 1154 vocatas
442 1117 672 1154 elemosinas
700 1117 827 1154 statim
856 1117 1149 1165 inpossibilitant
1179 1123 1219 1152 ut
1247 1117 1374 1154 iuvent
1404 1129 1594 1166 pauperes
1608 1128 1787 1193 Tlhzfziiarsth

1607 1171 1629 1187 S(
1643 1172 1695 1187 ¹1⁷1]
1719 1172 1748 1188 er
1790 1172 1804 1188 Ε

264 1187 321 1223 vel
342 1196 682 1237 quantumcunque
703 1188 835 1224 fratres
856 1187 1164 1235 derelinquerant
1184 1188 1233 1224 ab
1254 1187 1592 1224 elemosinantibus
1605 1196 1676 1220 aim„
1689 1196 1771 1228 given
1786 1197 1862 1223 them

1604 1229 1646 1254 sor
1660 1230 1707 1254 the
1720 1239 1789 1262 poor
1799 1240 1834 1255 on

263 1263 501 1303 revocentur,
538 1270 625 1295 curn
660 1265 785 1307 preter
814 1257 1148 1307 exemplacionem
1179 1257 1320 1296 Christi
1350 1258 1494 1295 faciunt
1523 1258 1592 1296 sibi
1605 1270 1770 1300 §nummus
1783 1263 1874 1290 build-

1606 1305 1676 1328 mgs,
1689 1298 1744 1322 and
1756 1304 1803 1328 get

264 1327 436 1364 basilicas
471 1335 715 1377 sumptuosas
747 1335 784 1365 et
815 1334 1023 1377 procurant
1051 1328 1258 1377 ypocritice
1289 1328 1394 1377 quod
1433 1328 1593 1365 maiores
1606 1337 1684 1361 great
1699 1331 1774 1356 lorrls
1788 1338 1816 1356 to
1830 1331 1865 1357 be

1607 1363 1705 1389 buried
1720 1364 1745 1389 in
1761 1365 1847 1392 thern,

211 1416 248 1447 15
264 1399 410 1436 domini
437 1406 473 1436 et
494 1399 650 1436 domine
677 1399 717 1435 in
746 1409 880 1437 eorum
910 1399 1067 1436 basilica
1097 1400 1171 1436 sint
1200 1399 1356 1445 humati,
1380 1406 1421 1436 ut
1450 1399 1510 1436 vel
1540 1399 1592 1436 sic
1605 1398 1862 1462 {ssoagctgossff-{Jf‘he

262 1469 508 1518 perpetuacio
528 1469 780 1507 habitacionis
800 1470 874 1507 loci
895 1471 952 1506 sui
972 1471 1012 1506 in
1033 1470 1138 1506 terris
1159 1483 1228 1519 per
1247 1470 1406 1507 istorum
1424 1470 1592 1518 sepulto-
1604 1465 1803 1525 ἓξῇζξὲδῦθῃ·

261 1552 346 1577 rum
366 1540 592 1589 progeniem
621 1540 884 1577 defendantur.
934 1540 1019 1578 Nec
1045 1541 1205 1577 dubium
1226 1542 1320 1590 quin
1341 1541 1475 1579 melius
1495 1541 1591 1579 foret

261 1610 333 1648 hiis
355 1611 511 1648 mortuis
532 1611 570 1648 in
591 1623 729 1660 campo
750 1612 848 1649 inter
869 1612 1008 1649 bestias
1030 1611 1191 1660 sepeliri.

696 1900 705 1920 ¹
720 1899 1044 1939 CAPITULUM
1075 1913 1095 1948 3
1106 1898 1154 1937 1⁰.

207 2020 247 2042 20
315 2003 574 2043 MENDAcmm.
633 2004 709 2042 Sed
730 2005 857 2043 adhuc
878 2005 1060 2054 arguitur,
1079 2005 1108 2042 si
1129 2004 1252 2042 clerus
1274 2005 1326 2042 sic
1347 2003 1458 2042 debet
1481 2004 1588 2043 dese·
1602 2018 1700 2045 mend.
1717 2019 1843 2053 objects:

258 2088 340 2113 rere
372 2088 441 2113 sua
472 2075 653 2121 dominia,
681 2083 772 2113 tunc
808 2076 894 2125 ipso
928 2082 1111 2113 renuente
1146 2077 1263 2125 gratis
1294 2076 1378 2125 ipsa
1412 2076 1588 2113 deserere

258 2145 373 2184 debet
402 2147 499 2196 cogi.
560 2147 635 2184 Sed
666 2146 739 2185 hoc
770 2141 850 2185 non
880 2154 1006 2196 potest
1036 2147 1262 2196 contingere
1293 2159 1360 2196 per
1389 2147 1586 2185 brachium
1600 2163 1662 2188 The
1675 2162 1784 2188 semim
1796 2171 1856 2188 arm

1600 2195 1623 2221 is
1643 2201 1689 2221 not
1703 2203 1799 2228 strong

257 2218 427 2256 seculare
448 2230 537 2255 cum
558 2218 682 2255 clerus
704 2219 749 2256 sit
770 2219 970 2267 potencior
990 2227 1027 2256 et
1048 2218 1118 2256 ista
1144 2219 1351 2267 temptacio
1382 2217 1495 2255 nimis
1524 2231 1586 2255 ec·
1599 2230 1711 2288 “ffuffh
1726 2236 1754 2255 ιο
1767 2231 1842 2268 forqe

258 2288 414 2327 clesiam
434 2289 681 2338 perturbaret.
725 2288 808 2326 Nec
830 2289 904 2326 hoe
922 2296 1047 2338 potest
1063 2289 1286 2338 contingere
1302 2302 1370 2338 per
1386 2289 1585 2327 brachium
1599 2270 1791 2329 ἷψρῧιέἷῗῖἰὲῗ
1801 2272 1865 2296 gne

1600 2330 1728 2360 minions,
1743 2330 1798 2355 and
1818 2330 1866 2355 the

205 2376 243 2408 25
258 2360 460 2410 spirituale,
502 2372 591 2398 cum
626 2372 739 2409 papa,
780 2360 1071 2409 potentissimus
1102 2360 1282 2398 secularis
1312 2361 1504 2407 dominus,
1537 2361 1585 2397 ad
1599 2364 1824 2423 ὲζέξὲῑξὶηεᾚέᾜ
1837 2370 1866 2389 to

257 2430 480 2480 oppositum
510 2438 566 2468 est
593 2431 752 2479 juratus,
773 2438 810 2468 et
840 2432 896 2468 sui
927 2431 1067 2489 subditi
1092 2432 1131 2468 in
1151 2432 1225 2468 isto
1245 2431 1362 2480 gratis
1384 2431 1453 2468 sibi
1474 2432 1585 2468 resis-

255 2508 386 2539 terent.
443 2501 492 2538 Et
513 2502 760 2539 confirmatur
787 2514 833 2539 ex
864 2501 937 2539 hoc
968 2502 1073 2550 quod
1102 2514 1203 2551 papa
1232 2515 1278 2538 ex
1308 2502 1584 2540 universalitate

304 2620 330 2642 1.
354 2616 410 2642 att.
428 2622 448 2642 a
464 2611 531 2649 fid„
550 2611 618 2643 ord.
637 2612 707 2642 inv.
725 2620 755 2643 c.
859 2621 887 2651 3.
914 2622 946 2643 se
962 2622 1056 2648 nune,
1074 2620 1104 2643 C.
1196 2624 1227 2653 4.
1253 2613 1350 2651 istud,
1360 2618 1424 2654 pro
1441 2613 1534 2651 illud,
1552 2622 1583 2643 C.

258 2671 288 2703 5.
314 2662 463 2694 fidelibus
479 2663 569 2700 sicut,
581 2668 646 2704 pro
662 2662 819 2694 divitibus
831 2664 896 2701 sed,
917 2672 948 2694 C.
1017 2664 1112 2695 docet
1130 2665 1255 2705 pocius,
1271 2665 1339 2695 ord.
1357 2665 1427 2696 inv.
1445 2673 1474 2695 C.
1553 2665 1582 2694 8.

258 2714 482 2755 desperaverit,
502 2722 533 2745 B.
654 2725 683 2755 9.
708 2715 853 2746 incolunt
870 2715 933 2753 hic,
952 2723 983 2753 B,
998 2723 1028 2746 C.
1145 2725 1156 2745 1
1168 2725 1193 2746 1.
1218 2717 1368 2753 viverent,
1381 2721 1446 2756 pro
1462 2716 1582 2752 iuvent,

259 2774 299 2801 c;
324 2765 433 2796 iuvent
450 2775 534 2797 corr.
547 2766 590 2797 al.
606 2776 694 2796 man.
709 2776 750 2797 cx
763 2766 915 2804 viverent,
930 2774 958 2798 Β.
1030 2775 1041 2796 1
1052 2776 1078 2797 2.
1103 2767 1315 2808 deliquerant,
1337 2775 1366 2798 B.
1439 2776 1489 2807 15.
1514 2778 1582 2806 sua,

254 2822 316 2860 pro
331 2827 452 2855 eorum,
471 2825 501 2850 Β.
593 2824 642 2857 17.
666 2817 864 2856 defendatur,
885 2826 914 2857 Β,
930 2826 960 2849 C.

518 2894 538 2938 *¹
565 2894 642 2927 Hoc
658 2894 839 2936 capitulum
857 2895 888 2926 in
905 2895 1016 2928 ceteris
1031 2896 1200 2928 codicibus
1215 2896 1314 2928 deest.
