1981 3390
504 321 762 353 SPECULUM
794 319 1022 351 ECCLESIE
1057 318 1361 349 MILITANTIS.
1824 318 1876 359 73

271 437 396 486 legem
425 435 485 473 dei
511 435 762 485 justissimam
793 446 863 471 suo
893 433 1054 471 domino
1087 433 1274 478 confiteri,
1296 440 1333 471 et
1363 431 1469 481 quod
1499 445 1601 482 papa

271 508 330 544 vel
351 506 593 544 antichristus
613 506 667 543 sic
689 505 906 542 seculariter
932 511 1135 553 attemptat
1165 512 1291 553 preter
1322 503 1461 541 Christi
1485 503 1600 540 licen-

271 579 371 616 ciam
404 585 535 615 contra
563 589 685 626 reges,
715 577 786 626 ipsi
817 577 959 614 debent
988 576 1196 624 prudenter
1226 574 1457 612 tirannidem
1487 574 1601 611 istam

272 649 414 687 diaboli
436 649 626 686 declinare
647 655 683 685 et
703 647 995 685 ordinacionem
1016 646 1162 683 domini
1184 647 1378 684 suscitare.
1427 645 1600 682 Christus
1614 645 1850 711 ξξζὲὸξῐῗῑυπίἔῖῐὲ

239 736 257 767 5
273 719 376 756 enim
396 719 500 756 dedit
520 718 712 755 humiliter
732 717 913 754 tributum
938 717 1058 753 cesari
1085 723 1122 754 et
1151 716 1410 765 multipliciter
1440 716 1598 765 amplia·
1615 714 1718 739 Caeffl·

271 790 324 827 vit
353 802 463 827 suum
494 789 720 833 dominium,
742 794 780 825 et
809 800 889 825 non
923 787 994 824 sibi
1025 787 1083 824 vel
1117 787 1194 824 suis
1226 787 1411 836 apostolis
1443 786 1601 836 aliquod

271 860 346 897 tale
376 860 590 897 dominium
619 858 830 907 adquisivit.
887 857 936 894 Et
966 858 1020 895 sic
1050 857 1197 894 videtur
1227 869 1371 906 papam
1402 869 1482 894 non
1513 869 1598 894 esse
1614 867 1675 892 The
1691 867 1878 899 Popesoems,

273 930 415 968 Christi
435 930 617 967 vicarium
639 929 705 966 sed
724 930 907 967 vicarium
927 929 1149 974 antichristi,
1178 941 1267 966 cum
1288 928 1448 965 dimisso
1470 928 1600 965 celesti
1615 901 1806 960 ffiritsffrrfs’ttso
1820 900 1854 926 be

274 1002 401 1039 officio
440 1008 631 1038 terrenum
670 1000 836 1037 indebite
871 1000 924 1036 sic
960 1006 1216 1048 attemptatur.
1288 999 1337 1036 Et
1379 999 1430 1036 sic
1470 998 1601 1047 prelati
1615 967 1771 1028 {lirciffsimt
1784 968 1863 993 AM

222 1082 262 1110 ιο
275 1071 407 1109 cesarii
435 1070 696 1108 obliviscendo
731 1070 965 1108 hortacionis
998 1070 1152 1107 humilis
1188 1075 1225 1107 et
1260 1076 1392 1106 sancte
1427 1069 1602 1117 predica—

273 1143 395 1180 cionis
426 1141 566 1179 Christi
601 1148 637 1178 et
667 1153 825 1178 suorum
859 1140 1124 1189 apostolorum
1155 1147 1343 1189 usurpant
1377 1139 1601 1188 potestative

272 1214 503 1251 tirannidem
533 1212 754 1258 antichristi,
793 1218 830 1249 et
863 1211 902 1248 in
936 1211 1074 1248 talibus
1107 1211 1263 1259 prelatis
1295 1211 1507 1259 specialiter
1540 1223 1602 1248 or-

273 1284 411 1321 dinatis
445 1295 651 1321 conversus
683 1290 740 1320 est
772 1289 978 1319 retrorsum
1009 1288 1045 1318 et
1079 1282 1118 1318 in
1150 1282 1229 1318 suis
1268 1281 1352 1318 filiis
1391 1281 1456 1330 qui
1496 1281 1602 1330 ipsos

273 1361 464 1401 secuntur,
497 1353 724 1391 dimittendo
745 1352 960 1390 doctrinam
982 1351 1122 1389 Christi
1154 1359 1190 1389 et
1216 1352 1413 1400 sequendo
1437 1352 1597 1400 vestigia

222 1443 260 1476 15
275 1425 493 1463 antichristi.
551 1424 602 1461 Et
626 1431 729 1473 patet
758 1436 805 1460 ex
836 1423 945 1460 dictis
975 1423 1196 1460 diversitatis
1226 1423 1329 1460 racio
1358 1423 1398 1459 in
1428 1422 1602 1472 sequenti

274 1496 517 1534 similitudine
544 1495 680 1532 simiali
694 1507 703 1540 ;
735 1506 824 1531 cum
847 1493 1038 1542 spirituale
1061 1493 1259 1531 brachium
1284 1493 1329 1530 sit
1350 1493 1511 1530 vicarius
1533 1493 1600 1529 hu-

275 1566 466 1604 manitatis
487 1565 628 1604 Christi
649 1566 697 1603 ad
721 1564 961 1613 pacienciam
990 1571 1026 1601 et
1052 1564 1304 1600 humilitatem
1325 1563 1544 1612 dispositus,
1566 1570 1604 1600 et

275 1642 446 1680 seculare
470 1639 670 1678 brachium
691 1639 737 1676 sit
757 1639 918 1676 vicarius
939 1638 1142 1675 divinitatis
1159 1636 1299 1675 Christi
1314 1637 1361 1673 ad
1375 1636 1604 1686 prudentem

276 1720 314 1749 et
333 1713 465 1749 mitem
485 1711 654 1760 gladium
675 1710 841 1747 vindicte
868 1709 1018 1746 rebellis
1047 1708 1183 1757 populi
1207 1707 1422 1744 inclinatus.
1479 1705 1530 1743 Et
1551 1707 1604 1743 sic

224 1801 264 1823 20
276 1794 347 1819 nec
369 1781 445 1819 hoc
465 1781 623 1830 contigit
651 1780 799 1818 facilius
826 1792 898 1816 nec
928 1780 977 1816 ad
1007 1779 1079 1816 hoc
1110 1785 1214 1828 patet
1244 1778 1384 1815 Christi
1413 1778 1604 1822 autoritas,

276 1865 366 1890 curn
395 1852 524 1890 docuit
553 1852 776 1901 oppositum
806 1858 885 1888 tam
915 1851 954 1887 in
984 1863 1100 1899 opere
1121 1862 1240 1898 quarn
1268 1850 1307 1886 in
1328 1849 1463 1886 verbis.
1521 1848 1604 1886 Nec
1619 1851 1797 1884 Christmust

1619 1893 1711 1924 surely
1724 1901 1792 1917 soon

276 1924 409 1961 dubito
444 1923 537 1972 quin
566 1929 716 1971 oportet
746 1921 955 1958 antichristi
985 1921 1145 1958 clericos
1175 1921 1214 1957 in
1244 1920 1349 1957 brevi
1378 1927 1553 1968 tempore
1583 1926 1885 1985 εξὲᾎιξῑῑιίὲῖιὶζίξὲετςγ

277 1994 437 2032 domino
459 1993 646 2042 castigari.
704 1992 821 2029 Tales
843 2000 931 2029 sunt
951 1992 1066 2028 multe
1088 1991 1299 2028 antichristi
1324 1991 1486 2039 argucie,
1507 2002 1605 2039 quos

277 2065 386 2103 facile
415 2072 471 2103 est
500 2065 651 2101 fidelem
682 2064 839 2109 solvere,
862 2069 996 2102 sancto
1027 2063 1157 2112 spiritu
1187 2075 1255 2112 per
1279 2063 1382 2099 dona
1403 2074 1471 2099 sua
1492 2062 1605 2110 septi-

225 2145 263 2177 25
279 2135 414 2174 formia
434 2135 631 2174 edocente.

710 2289 722 2310 1
737 2289 1061 2329 CAPITULUM
1093 2287 1171 2338 320.

334 2379 592 2418 MENDAcrUM.
623 2377 641 2398 *
674 2378 751 2416 Sed
780 2379 936 2416 demum
971 2379 1166 2416 reeensius
1201 2384 1366 2426 arguunt
1400 2377 1604 2427 populares
1620 2393 1850 2426 ,Ucud.obj‹:ct52

1619 2439 1707 2465 Glebe
1720 2440 1775 2465 and

1620 2473 1731 2499 Church
1745 2482 1792 2498 are
1807 2473 1845 2498 in-

1619 2507 1771 2539 scparable.

279 2451 383 2500 quod
403 2451 516 2500 gleba
536 2458 572 2488 et
591 2449 755 2487 ecclesia
775 2449 873 2486 adeo
901 2457 1185 2493 connectuntur
1214 2449 1318 2498 quod
1345 2461 1424 2487 non
1445 2457 1606 2498 possunt

280 2522 446 2572 separari
473 2523 522 2559 ab
560 2522 736 2566 invicem,
777 2521 875 2558 sicut
919 2533 990 2558 nec
1035 2521 1254 2558 substancia
1300 2527 1336 2558 et
1378 2521 1506 2569 passio
1547 2520 1605 2557 vel

225 2609 266 2640 30
279 2593 457 2632 accidens
490 2593 595 2642 quod
635 2592 854 2641 philosophi
885 2599 1026 2631 vocant
1055 2593 1320 2642 inseparabile.
1397 2592 1605 2640 Relinquat

279 2677 371 2714 ergo
401 2665 454 2701 sic
485 2664 650 2712 opinans
680 2663 901 2700 oblaciones
931 2670 967 2701 et
997 2663 1167 2701 decimas
1197 2663 1254 2700 vel
1289 2670 1463 2711 acceptet
1495 2663 1606 2699 simul

328 2753 377 2785 27.
403 2744 624 2782 Mendacium,
642 2755 704 2775 om.
722 2743 764 2781 13¹,
782 2753 813 2782 C,
829 2752 864 2775 υ.
953 2755 1020 2785 arg.
1037 2754 1109 2782 rec.‚
1128 2744 1194 2774 oril.
1214 2744 1284 2774 inv.
1303 2742 1346 2782 13¹,
1360 2753 1389 2781 C,
1407 2752 1440 2774 1).
1555 2753 1605 2784 29.

281 2798 325 2829 ab
341 2798 405 2828 inv,
419 2807 496 2837 sep„
514 2796 584 2827 ord.
603 2795 672 2827 inv.
691 2796 733 2834 13¹,
747 2804 776 2833 C,
792 2804 826 2826 D.
918 2796 983 2833 sed,
996 2800 1060 2836 pro
1077 2796 1168 2832 sicut,
1187 2794 1228 2833 13¹,
1242 2802 1271 2832 C,
1287 2803 1321 2825 D.
1413 2795 1604 2831 subiectum,

275 2855 340 2893 pro
356 2848 552 2886 substancia,
572 2848 616 2886 13¹,
631 2856 661 2886 C,
678 2856 711 2878 D.

414 2915 422 2933 ¹
449 2914 500 2946 De
516 2924 651 2945 numero
667 2913 761 2953 hujus
777 2913 913 2955 capituli
930 2913 961 2944 in
978 2914 1166 2955 praefatione
1179 2918 1289 2945 nostra
1306 2913 1482 2945 disseritur.
