1981 3390
82 268 135 322 96
597 277 860 311 SPECULUM
895 278 1124 311 ECCLESIE
1157 280 1460 314 MILITANTIS.

79 402 349 467 Ξὲιὲῗξὲὶιῧοῑὲἑςυ-
418 393 502 430 Alie
535 405 626 431 vero
659 401 746 432 sunt
784 394 959 432 raciones
999 395 1203 433 stultorum
1243 409 1318 446 que
1355 398 1519 435 militant
1559 405 1695 437 contra

78 469 179 507 priests
192 469 256 494 held
271 469 318 494 the
364 471 478 514 caput
507 466 720 515 proprium,
748 472 789 503 ut
818 466 858 502 in
889 465 1146 515 penthateuco
1172 467 1309 517 legitur
1339 469 1445 518 quod
1476 470 1694 508 sacerdotes

79 503 158 528 enies
171 503 203 529 of
213 503 309 533 refuge

77 537 259 595 {affirpggfflff
272 536 314 562 s0r
362 535 578 572 habuerunt
595 536 766 574 civitates
782 536 913 585 refugii
930 544 967 575 et
982 550 1126 586 pascua
1142 550 1212 587 pro
1229 539 1306 576 suis
1322 540 1452 577 bestiis
1469 540 1694 586 nutriendis,

77 603 180 634 “offic
196 603 308 629 Mam·
362 607 562 656 quomodo
592 620 686 656 ergo
716 620 795 646 non
819 607 1006 646 haberent
1036 609 1074 645 in
1103 609 1187 658 lege
1216 610 1345 659 gracie
1375 611 1588 660 ampliora?
1644 611 1696 648 Et

77 637 148 661 bean
162 637 261 668 priests
271 646 343 662 were

79 679 154 695 more
168 669 297 701 splendid

78 703 145 729 ,han
159 703 250 736 kings-
361 678 463 715 idem
491 679 740 716 confirmatur
760 679 806 716 de
835 679 1099 717 sacerdotibus
1120 680 1349 718 Machabeis
1369 681 1433 730 qui
1462 682 1500 718 in
1520 688 1694 732 tempore
1709 687 1726 720 5

360 762 430 787 suo
452 749 600 787 fuerant
628 751 713 800 plus
741 750 858 788 incliti
888 758 925 788 et
953 751 1040 800 plus
1071 752 1223 799 regibus
1252 753 1444 801 generosi.
1502 753 1565 790 Ad
1593 753 1696 792 istud

360 821 505 858 dictum
534 829 591 859 est
619 822 756 859 diffuse
781 822 870 859 alibi
891 822 995 871 quod
1024 823 1239 860 sacerdotes
1264 823 1479 861 habuerunt
1507 837 1576 873 pro
1598 831 1694 862 tem-

359 904 453 941 pore
474 893 569 942 legis
590 893 727 930 veteris
747 894 1014 942 possessiones
1041 894 1271 939 moderatas,
1291 902 1332 931 ut
1354 896 1597 944 competebat
1622 907 1694 933 suo

360 963 481 1000 statui.
532 962 635 1009 Quia
656 964 754 1000 absit
771 963 872 1000 fideli
889 964 1055 1010 credere,
1073 965 1178 1014 quod
1195 965 1289 1002 deus
1310 966 1526 1003 ordinasset
1547 973 1695 1003 tantum

77 1043 323 1077 Answer—(i)the
360 1046 567 1071 numerum
609 1033 828 1071 Levitarum
867 1047 939 1084 pro
976 1036 1198 1073 occidendis
1236 1036 1367 1073 bestiis
1406 1043 1442 1073 et
1486 1036 1694 1086 figuraliter
1711 1048 1751 1070 10

78 1078 177 1110 priests
191 1078 245 1104 had

79 1112 284 1143 clmrgeofthe
360 1105 589 1154 ymolandis,
630 1105 701 1142 nisi
742 1105 850 1143 daret
890 1106 943 1142 eis
983 1106 1197 1143 necessaria
1246 1106 1294 1143 ad
1342 1106 1415 1145 hoc
1455 1119 1565 1156 opus,
1633 1107 1694 1145 De

77 1145 156 1170 cities
169 1146 201 1170 os
211 1146 314 1177 refuge,

78 1178 128 1204 but
142 1185 233 1205 notas
247 1180 328 1205 lords·
362 1183 528 1225 quatuor
567 1183 695 1213 autem
736 1177 948 1214 civitatibus
988 1177 1120 1225 refugii
1161 1190 1241 1215 non
1280 1177 1367 1226 lego
1406 1178 1510 1227 quod
1545 1178 1695 1216 fuerunt

361 1247 550 1284 seculares
582 1247 728 1284 domini
758 1255 822 1284 aut
852 1247 955 1296 quod
987 1248 1154 1285 redditus
1184 1248 1231 1285 de
1265 1248 1427 1297 fugitivis
1457 1256 1693 1298 receperant,

361 1317 447 1354 licet
477 1317 538 1354 ille
568 1318 739 1354 civitates
769 1317 919 1354 fuerant
959 1318 1027 1355 illis
1067 1318 1115 1355 ad
1156 1319 1441 1356 ministerialem
1481 1320 1693 1357 custodiam

79 1388 184 1414 priests
199 1389 269 1414 have
283 1394 330 1415 not
363 1388 553 1437 deputate.
611 1388 672 1434 Et,
695 1400 784 1425 cum
805 1388 907 1425 idem
930 1389 975 1425 sit
996 1389 1090 1426 deus
1112 1401 1215 1426 nunc
1240 1389 1305 1439 qui
1327 1396 1430 1436 tunc,
1454 1396 1558 1439 patet
1588 1390 1694 1440 quod
1710 1400 1748 1432 15

79 1422 126 1447 the
140 1423 185 1447 old
201 1422 339 1448 sacrifices

78 1456 351 1515 {ssfflegtffffsshhssnoe
363 1456 429 1511 [si]
450 1460 526 1496 iam
548 1459 644 1497 foret
665 1459 925 1497 necessarium
948 1460 1071 1497 redire
1101 1459 1149 1497 ad
1177 1460 1463 1510 ymolacionem
1494 1461 1693 1510 figuralem

78 1523 471 1567 largeapr‘³V³⁵'³⁰¹¹·huius
492 1531 599 1568 modi
620 1531 838 1576 bestiarum,
862 1531 955 1568 deus
975 1531 1167 1569 ordinaret
1195 1531 1264 1568 illis
1295 1532 1510 1569 necessaria
1535 1532 1585 1569 ad
1616 1533 1693 1570 hoc

359 1613 468 1651 opus.
529 1601 604 1638 Sed
625 1601 812 1646 Christus,
834 1602 899 1650 qui
921 1609 978 1639 est
999 1614 1123 1651 agnus
1144 1602 1218 1647 dei,
1239 1602 1378 1639 finiens
1399 1602 1468 1639 has
1492 1603 1511 1625 *
1537 1603 1691 1652 figuras,
1707 1609 1752 1640 D.
1771 1610 1820 1639 80
1832 1610 1867 1640 d.

360 1684 564 1720 resurgens
598 1684 620 1708 a
660 1672 820 1710 mortuis
854 1673 931 1709 iam
970 1685 1051 1710 non
1090 1673 1258 1718 moritur,
1289 1673 1377 1711 ideo
1416 1674 1520 1711 racio
1560 1674 1692 1711 fideles

361 1745 382 1766 *
416 1744 618 1781 necessitat
651 1744 756 1792 quod
789 1750 941 1781 cessent
973 1744 1100 1781 media
1135 1745 1353 1781 necessaria
1388 1744 1437 1781 ad
1473 1744 1547 1782 hoc
1582 1757 1691 1794 opus.
1707 1755 1746 1785 c.
1762 1755 1809 1785 29
1824 1763 1856 1786 a.

359 1815 539 1852 Fundent
568 1814 786 1852 sacerdotes
826 1815 958 1859 nostri,
990 1815 1021 1852 si
1051 1816 1231 1864 poterint,
1262 1815 1368 1863 quod
1398 1815 1540 1852 debent
1570 1816 1691 1853 modo

360 1885 555 1923 intendere
584 1885 706 1923 labori
735 1885 798 1922 tali
827 1885 1046 1935 inportabili
1075 1886 1235 1934 figurali,
1261 1893 1297 1923 et
1326 1893 1418 1924 tunc
1447 1894 1612 1936 possunt
1645 1887 1691 1924 de

81 1969 125 2002 (ii)
138 1970 176 1995 As
190 1975 219 1995 to
232 1969 279 1995 the
361 1956 447 2005 lege
477 1956 623 1993 domini
650 1956 699 1992 ad
723 1956 797 1993 hoc
818 1968 916 2005 opus
946 1957 1162 1994 necessaria
1182 1957 1397 1994 vendicare.
1454 1957 1504 1994 Et
1527 1956 1545 1976 *
1569 1970 1692 2007 quan·
1707 1960 1763 1992 Bl.
1780 1963 1849 1992 162
1861 1962 1895 1992 d.

80 2004 315 2069 ἷ-Ῑὴῌξὲῗῗὶῆῗὲῧξς-
364 2034 445 2064 tum
466 2027 514 2064 ad
536 2026 777 2064 Machabeos
799 2027 1184 2076 proporcionabiliter
1205 2028 1384 2073 creditur,
1402 2027 1507 2077 quod
1527 2028 1693 2066 extincta

79 2071 144 2096 dom
159 2080 215 2096 was

78 2104 315 2169 ssffftffygssthss,
363 2098 515 2147 regalia,
537 2098 749 2136 secundum
779 2097 940 2136 Ieremie
970 2098 1202 2144 vaticinium,
1231 2098 1450 2136 sacerdotes
1479 2098 1530 2135 illi
1560 2111 1582 2136 a
1609 2099 1692 2148 lege
1708 2106 1746 2137 25

124 2148 138 2163 e
168 2147 180 2163 s
229 2148 264 2170 ge
287 2148 300 2162 e
318 2153 326 2158 -

78 2171 320 2236 iiiiffltsffii’fiiss
363 2169 509 2207 domini
548 2182 594 2206 ex
636 2170 815 2218 superbia
858 2169 1110 2215 declinarunt,
1141 2176 1178 2207 et
1217 2170 1270 2207 sic
1301 2170 1415 2207 crevit
1445 2182 1580 2207 eorum
1609 2182 1692 2208 ma-

77 2238 164 2297 ffleled
179 2238 282 2298 Chri-“3
294 2248 335 2297 g?
362 2241 447 2278 licia
477 2253 680 2291 quousque
710 2241 932 2278 occiderant
953 2240 1159 2279 Christum.
1216 2241 1266 2278 Et
1295 2242 1442 2278 utinam
1472 2254 1574 2291 papa
1604 2254 1693 2280 cum

139 2281 211 2304 pope
225 2281 260 2297 an
314 2282 337 2298 is

77 2305 300 2371 ξζξξὲξζῗξίζὲᾔο
365 2311 572 2349 satelitibus
603 2324 681 2349 non
710 2311 823 2349 faciat
858 2311 1196 2361 proporcionabile
1225 2312 1379 2361 regibus
1410 2319 1533 2360 terre3
1572 2313 1692 2351 modo

78 2372 127 2398 ΗΠ
141 2373 349 2405 εωῑὴιγῌῃὲὃ·
362 2382 478 2420 fertur
510 2383 612 2420 enim
644 2383 750 2432 quod
785 2382 1042 2431 subpeditavit
1076 2382 1272 2430 Cesarem,
1303 2390 1339 2420 et
1373 2383 1539 2421 minatur
1572 2384 1692 2421 multa

361 2454 488 2491 media
518 2465 587 2503 per
616 2466 691 2503 que
721 2453 931 2491 destrueret
961 2454 1055 2492 alios
1085 2466 1193 2503 reges
1223 2461 1332 2500 terre,
1353 2466 1398 2491 ac
1422 2454 1451 2490 si
1479 2454 1691 2491 intenderet
1706 2462 1748 2493 30

360 2525 541 2562 suscitare
592 2524 727 2561 falsam
780 2525 1077 2574 promissionem
1130 2524 1295 2573 dyaboli,
1348 2536 1465 2574 quam
1517 2525 1691 2574 promisit

360 2594 514 2632 Christo
536 2607 576 2631 se
598 2595 686 2632 dare
707 2595 838 2632 omnia
867 2607 988 2644 regna
1017 2595 1163 2640 mundi,
1186 2595 1215 2632 si
1236 2595 1379 2633 cadens
1407 2595 1535 2644 ipsum
1555 2595 1690 2632 adora-

359 2666 463 2703 verit.
524 2665 598 2702 Sed
628 2665 721 2702 deus
751 2673 951 2703 conservet
981 2665 1197 2702 seeundum
1227 2665 1400 2714 regulam
1430 2665 1691 2704 ordinacionis

359 2749 427 2773 sue
465 2736 625 2774 ecclesie
664 2735 841 2773 militanti
878 2735 949 2774 hec
979 2748 1104 2785 pauca
1133 2748 1205 2785 pro
1236 2735 1390 2773 Christo
1420 2736 1590 2783 dixerim,
1624 2748 1691 2785 pa-

359 2815 460 2844 ratus
491 2807 539 2858 (si
573 2805 764 2855 oporteat)
793 2819 973 2844 revocare
1002 2806 1116 2852 sacta,
1152 2807 1308 2844 racione
1349 2806 1449 2844 istud
1488 2819 1567 2844 non
1605 2819 1690 2844 esse
1704 2817 1743 2848 35

621 2900 669 2933 27.
694 2893 891 2933 oeciderunt,
909 2902 939 2924 C.
1033 2902 1083 2933 31.
1101 2903 1176 2934 qua,
1190 2897 1252 2934 pro
1268 2903 1377 2934 quam,
1396 2900 1429 2923 D.
