1981 3390
517 310 775 343 SPECULUM
809 311 1037 343 ECCLESIE
1071 311 1376 344 MrLITAN‘rrs.
1838 318 1862 359 9
1867 317 1891 359 3

285 427 348 464 dei
368 432 456 464 sunt
476 426 524 463 ad
544 426 919 476 contemplacionem
939 434 976 464 et
996 428 1215 465 oracionem
1237 441 1308 477 pro
1329 429 1422 465 vivis
1446 435 1481 466 et
1511 440 1613 466 mor·
1627 433 1794 498 {erssffiffigff
1809 442 1888 492 0¹33-ss

285 498 360 535 tuis
381 497 560 547 deputati,
579 498 626 535 ad
646 498 980 536 mendicacionem
1001 498 1059 536 vel
1080 499 1194 536 aliam
1214 499 1329 536 vitam
1350 499 1613 548 imperfectam
1627 500 1692 525 take
1705 506 1734 526 ‘0
1747 500 1880 533 bessing-

285 575 375 605 sunt
395 569 621 606 necessitati.
672 568 747 606 Sed
768 569 854 618 quis
876 569 1022 606 dubitat
1043 570 1136 619 quin
1157 570 1229 608 ista
1249 570 1447 608 sentencia
1466 577 1615 607 tantum

286 646 421 676 contra
456 640 649 677 racionem
684 646 720 676 et
753 639 940 677 honorem
971 640 1118 677 domini
1157 641 1433 690 rempublicam
1469 649 1615 690 pertur-

252 715 270 746 5
288 711 403 755 haret,
442 711 533 759 quia
574 722 778 747 numerum
826 722 1032 760 suppreme
1071 711 1189 759 partis
1232 711 1393 749 ecclesie
1437 712 1614 748 diminuit
1627 713 1714 739 Their
1727 714 1844 740 number

1626 748 1718 773 would
1733 748 1766 773 be
1779 749 1842 778 less,

282 788 319 818 et
349 781 530 818 miliciam
560 793 634 830 que
665 781 750 830 plus
779 780 989 818 insolencie
1019 782 1191 828 attendit,
1222 790 1359 820 contra
1386 783 1512 832 legem
1542 783 1613 819 do·
1625 781 1680 839 {23³
1695 781 1857 839 {hssmf‘he

1645 847 1650 852 η
1674 824 1692 846 g
1715 821 1724 839 t
1748 816 1800 841 ood
1810 816 1898 847 (more

227 886 240 892 ,
283 852 378 888 mini
417 851 603 889 accendit.
663 851 740 889 Sed
771 852 854 901 quis
884 852 1031 889 dubitat
1060 853 1153 901 quin
1185 853 1257 890 ista
1291 854 1486 890 sentencia
1517 849 1859 914 fOsetlggggssffissgssgg's'e„

283 923 475 959 contraria
503 923 674 960 racioni?
731 923 810 960 Hic
841 923 988 960 dictum
1018 930 1075 961 est
1105 924 1245 973 sepius,
1277 925 1383 974 quod
1414 924 1487 961 deo
1516 931 1611 961 teste

283 994 356 1031 nisi
375 994 574 1032 evidencia
595 994 791 1043 scripture,
806 1001 995 1043 quantum
1011 995 1266 1044 concipimus,
1283 1002 1453 1033 moveret
1474 996 1613 1032 directe

231 1072 271 1095 10
283 1077 353 1114 pro
374 1065 436 1102 illa
465 1065 673 1110 sentencia,
695 1077 894 1114 nunquam
925 1066 1184 1103 laboraremus
1210 1067 1440 1104 incurrendo
1462 1073 1609 1104 tantam

284 1136 598 1184 indignacionem
634 1148 655 1172 a
693 1136 821 1173 multis
858 1143 895 1173 et
933 1136 1141 1174 maioribus
1181 1144 1261 1174 tam
1295 1138 1451 1175 intente.
1509 1137 1610 1174 Nam
1625 1140 1901 1206 ffltsgegcggffggff

283 1212 473 1254 quantum
512 1206 755 1255 concipimus
795 1207 833 1242 in
872 1213 952 1244 toto
987 1219 1150 1257 corpore
1189 1208 1371 1257 scripture
1411 1208 1473 1245 illa
1510 1208 1889 1266 sectaffidssssfflffssffffi-e‘

283 1277 532 1326 quadruplex,
555 1289 628 1326 que
653 1284 800 1315 tantum
823 1278 1039 1315 dominatur
1066 1279 1105 1316 in
1136 1279 1295 1316 seculari
1326 1279 1511 1325 dominio,
1532 1292 1609 1316 non
1625 1274 1895 1311 &news-*criptum

1625 1308 1707 1339 impel
1723 1317 1774 1338 me,
1789 1309 1845 1333 and

283 1347 462 1385 fundatur
483 1360 554 1385 nec
575 1349 650 1385 vita
671 1361 742 1385 nec
765 1349 898 1397 regula
917 1361 1035 1398 quam
1056 1356 1206 1387 tanturn
1233 1350 1504 1399 magnificant;
1536 1363 1610 1400 que
1623 1341 1671 1406 22¹3
1682 1341 1894 1401 ὲοῐζῗξὶξζιξξνξε

1622 1408 1768 1440 profitable
1783 1415 1811 1434 to
1825 1410 1872 1434 the

1622 1442 1727 1468 church
1740 1443 1795 1468 and
1809 1451 1877 1467 even

1622 1482 1650 1501 to
1663 1476 1710 1501 the
1723 1476 1878 1508 reprobate.

229 1433 268 1464 15
283 1420 314 1456 si
353 1419 467 1457 docta
505 1418 627 1465 fuerit,
658 1419 716 1456 vel
755 1427 886 1457 nostra
921 1421 1116 1458 sentencia
1155 1421 1299 1458 racioni
1334 1422 1524 1458 contraria
1553 1422 1610 1458 vel

64 1496 205 1529 B¹.162
218 1499 254 1529 b.
284 1491 480 1540 scripture,
512 1491 633 1539 parati
664 1503 796 1528 sumus
828 1492 1041 1529 secundum
1072 1492 1179 1540 quod
1207 1493 1325 1541 exigit
1354 1494 1456 1530 racio
1485 1494 1609 1542 ipsam

282 1562 475 1599 humiliter
495 1573 686 1599 revocare.
744 1561 956 1600 Dementes
978 1563 1132 1612 quidem
1153 1576 1327 1601 essemus
1354 1571 1391 1601 et
1413 1565 1525 1614 plene
1546 1565 1610 1602 de-

282 1633 450 1670 moniaci
467 1633 497 1669 si
513 1629 640 1684 [dum]
660 1639 808 1669 tantum
824 1633 968 1682 fatigati
982 1635 1021 1670 in
1038 1647 1152 1671 carne
1165 1634 1383 1672 laboremus
1399 1636 1438 1672 in
1451 1635 1512 1672 illa
1525 1648 1612 1673 sen-

281 1704 418 1748 tencia,
441 1716 519 1741 non
541 1704 784 1741 crederemus
806 1705 930 1754 ipsam
952 1717 1035 1742 esse
1057 1705 1286 1743 catholicam
1314 1719 1357 1744 ac
1379 1707 1612 1744 meritoriam

227 1787 270 1810 20
284 1775 352 1812 toti
379 1775 554 1812 militanti
575 1776 735 1813 ecclesie
765 1788 810 1812 ac
840 1776 1126 1813 vitulaminibus
1156 1778 1194 1814 in
1225 1778 1309 1826 ipsa
1340 1779 1609 1825 crescentibus,

282 1859 358 1895 que
380 1847 633 1895 ewangelium
653 1853 765 1884 vocat
790 1847 957 1895 zyzania,
980 1847 1177 1896 prodesse.
1237 1848 1336 1898 Sepe
1365 1856 1494 1886 autem
1516 1850 1611 1887 dixi-

282 1929 381 1963 mus,
405 1917 511 1967 quod
536 1930 616 1954 non
637 1917 830 1955 sufficiunt
850 1929 986 1955 omnes
1007 1919 1117 1955 istam
1146 1920 1381 1956 sentenciam
1405 1921 1609 1970 concipere
1624 1931 1649 1957 It
1663 1941 1713 1958 can
1727 1932 1841 1970 only-be

282 1988 339 2025 vel
361 2001 519 2038 arguere
540 1995 673 2025 contra
689 1988 802 2033 illam,
824 2001 912 2025 cum
934 1995 1081 2026 tantum
1102 1989 1150 2026 ad
1172 1989 1247 2027 hoc
1269 1990 1314 2026 sit
1335 1991 1437 2028 racio
1457 1992 1608 2040 ydonea
1620 1966 1725 2037 Ξξὲἵὲἓ
1739 1967 1889 2032 ἶζγῖξεῖεοη

281 2059 340 2096 vel
375 2059 571 2108 scriptura.
630 2059 725 2096 Ideo
759 2066 832 2097 tres
867 2060 1056 2097 maneries
1095 2060 1295 2098 homiuum
1334 2068 1521 2110 quantum
1559 2063 1609 2099 ad
1622 2040 1808 2065 orsmpture.

230 2143 267 2175 25
282 2137 402 2168 artem
438 2143 547 2168 suam
587 2130 720 2168 attinet
758 2137 846 2168 sunt
884 2131 1023 2180 ydonei
1062 2132 1101 2168 in
1141 2133 1299 2170 materia
1334 2133 1405 2170 ista
1438 2146 1608 2182 arguere,

280 2202 405 2251 primo
440 2201 638 2239 decretiste
663 2202 729 2251 qui
760 2214 852 2251 pure
878 2202 1025 2251 legibus
1047 2203 1250 2253 papalibus
1274 2204 1497 2250 innituntur,
1521 2205 1610 2254 quia
1622 2212 1685 2238 And
1700 2212 1823 2246 bythese
1838 2213 1885 2239 the

281 2273 375 2323 quid
395 2273 433 2309 in
454 2273 612 2310 materia
638 2273 711 2310 ista
737 2273 914 2310 dixerunt
938 2286 1017 2311 non
1038 2274 1136 2311 valet
1160 2274 1226 2311 scd
1250 2281 1305 2313 est
1329 2282 1609 2325 contempnen-
1622 2246 1809 2311 ἓεῗτειὲττῖῃεεῗιῗῖἷ
1824 2281 1880 2306 and

63 2354 108 2383 D.
127 2355 176 2383 80
189 2362 220 2384 a.
281 2344 385 2391 dum,
409 2344 430 2367 *
451 2336 601 2381 constat
630 2344 733 2381 enim
763 2344 810 2381 de
840 2351 985 2393 quanto
1013 2345 1157 2383 racioni
1186 2353 1376 2383 consonat
1406 2346 1462 2383 vel
1493 2347 1609 2396 scrip-
1623 2315 1890 2374 mginffgtlgsxtvgde-m'

281 2422 375 2453 ture.
418 2414 596 2452 Secunda
612 2415 798 2452 maneries
819 2415 1020 2452 hominum
1038 2415 1287 2466 loqueucium
1309 2417 1347 2453 in
1364 2417 1433 2454 ista
1454 2418 1612 2455 materia

229 2502 270 2533 30
283 2494 369 2524 sunt
399 2486 544 2536 legiste,
566 2487 656 2536 quia
683 2486 744 2523 lex
774 2486 976 2535 imperialis
1007 2481 1028 2523 a
1057 2487 1234 2524 fidelibus
1264 2500 1343 2525 non
1369 2488 1552 2537 accipitur
1573 2489 1611 2525 in

63 2566 102 2596 c.
121 2566 169 2595 28
183 2574 213 2596 a.
280 2559 352 2597 ista
377 2558 533 2596 materia
559 2557 631 2595 nisi
659 2557 705 2595 de
729 2556 746 2575 *
770 2564 916 2607 quanto
944 2564 1136 2594 consonat
1157 2559 1313 2595 racioni.
1371 2558 1510 2596 Tereia
1531 2571 1611 2596 ma-

281 2630 402 2666 neries
423 2629 623 2666 hominum
645 2628 886 2666 subtiliorum
908 2627 1156 2676 loqueucium
1182 2629 1219 2665 in
1248 2629 1318 2666 ista
1344 2630 1502 2666 materia
1523 2636 1611 2666 sunt

281 2700 408 2736 iuriste
438 2711 657 2748 regnorum,
688 2699 753 2748 qui
783 2699 870 2736 licet
900 2699 1028 2747 sepius
1064 2699 1303 2748 prepollcant
1340 2700 1495 2737 racione
1531 2712 1610 2737 non

281 2770 379 2807 valet
408 2776 535 2806 tamen
563 2769 734 2818 ipsorum
765 2769 916 2818 loquela
937 2769 972 2805 in
1002 2769 1072 2806 ista
1101 2770 1269 2814 materia,
1292 2770 1363 2807 nisi
1391 2770 1438 2807 de
1463 2777 1610 2818 quanto

326 2883 356 2913 5.
380 2873 544 2912 diminuit,
563 2881 608 2912 D;
631 2873 827 2911 diminuunt,
844 2880 884 2910 C;
908 2873 1098 2911 diminuent,
1120 2873 1161 2903 13¹.
1346 2880 1373 2912 7.
1398 2873 1557 2910 accendit,
1575 2882 1609 2904 D.

282 2927 467 2967 adaugeret,
486 2927 529 2957 13¹.
601 2935 648 2956 12.
672 2925 881 2967 percipimus,
896 2933 926 2956 c.
999 2926 1046 2956 18.
1073 2925 1144 2956 ista.
1163 2932 1241 2963 C,1).
1315 2935 1364 2965 25.
1391 2927 1468 2966 [non
1486 2926 1608 2964 suut‘?].
