1981 3390
770 807 1303 862 EPILOGUS.

428 985 590 1024 RESTAT
621 985 781 1022 finaliter
802 985 1057 1034 perstringere
1079 990 1198 1021 totam
1228 983 1340 1019 istam
1372 980 1611 1018 sentenciam
1633 981 1703 1017 sub

373 1057 545 1107 quodam
565 1057 730 1106 epilogo,
751 1062 793 1094 ut
814 1056 899 1106 plus
920 1056 1062 1093 clareat
1082 1055 1132 1093 ad
1153 1055 1341 1092 honorem
1365 1052 1425 1091 dei
1446 1058 1483 1090 et
1502 1052 1702 1089 utilitatem

90 1139 204 1167 Church
218 1140 279 1198 ancil
373 1129 473 1174 cleri,
495 1141 562 1177 per
582 1139 826 1177 consequens
851 1127 974 1165 tocius
1003 1126 1164 1164 ecclesie
1192 1124 1399 1162 militantis.
1457 1123 1701 1160 Intendimus

90 1173 488 1266 Ῠίιῗὲἓίῗὲῗῖὲῗιῖἑῗὴ,Δῐθηίηῃ
514 1199 619 1248 quod
649 1199 721 1236 hec
751 1198 923 1244 ecclesia,
944 1204 980 1235 et
1011 1197 1225 1246 specialiter
1256 1195 1388 1241 clerus,
1411 1195 1450 1231 in
1479 1200 1702 1244 paupertate
1718 1209 1736 1241 5

89 1250 254 1301 3533]ng
313 1249 349 1266 m
375 1271 537 1308 honesta
557 1269 773 1306 secundum
794 1269 975 1306 ducatum
997 1268 1143 1305 domini
1173 1266 1362 1315 reguletur
1383 1265 1432 1302 ad
1453 1265 1558 1314 quod
1579 1265 1704 1314 requi—

374 1342 464 1379 ritur
481 1341 696 1378 secundum
712 1339 999 1389 providenciam
1015 1337 1273 1376 ordinacionis
1289 1337 1384 1386 legis
1401 1336 1552 1374 Christi.
1586 1335 1707 1382 Quod

90 1419 356 1479 ffffihc‘flssfqtffigxents
375 1412 574 1450 renunciet
605 1411 766 1447 finaliter
787 1410 958 1448 dominio
989 1409 1161 1455 seculari,
1183 1414 1287 1458 patet
1308 1420 1355 1445 ex
1387 1407 1608 1445 testimonio
1637 1406 1708 1444 du-

90 1487 223 1524 teachins
236 1487 310 1512 alike
376 1484 465 1533 plici
494 1490 531 1520 et
561 1481 881 1530 interpretacione
921 1480 1075 1525 Christi,
1104 1486 1183 1516 tam
1212 1479 1287 1516 vita
1321 1491 1439 1528 quam
1468 1479 1598 1523 verbo,
1630 1490 1706 1527 que

90 1530 200 1552 require
216 1521 311 1552 clergy
325 1525 354 1545 to

89 1563 230 1579 ‘emunce
244 1554 353 1580 5201112‘
377 1554 646 1604 interpretacio
675 1565 747 1590 nec
778 1558 904 1602 potest
934 1552 1074 1588 directe
1103 1550 1231 1588 fallere
1253 1562 1379 1599 neque
1400 1549 1489 1587 falli.
1538 1549 1705 1598 Argucie
1722 1562 1763 1585 10

90 1587 244 1614 dominion.

378 1632 506 1663 autem
536 1637 610 1673 que
640 1624 734 1660 fiunt
768 1623 807 1659 in
842 1622 1063 1672 oppositum
1093 1634 1173 1659 non
1204 1620 1328 1659 forent
1367 1620 1482 1669 digne
1520 1619 1707 1657 memoria

90 1707 350 1767 Jtsshasguedffhsst
377 1696 449 1733 nisi
488 1701 645 1744 propter
684 1693 878 1730 infidelem
917 1693 1184 1745 ignoranciam
1223 1698 1458 1729 cecatorum.
1523 1690 1706 1740 Arguitur

98 1748 479 1834 ssguiseL}3{'1(2-1?aveenim
523 1765 779 1803 communiter
821 1763 927 1814 quod
972 1763 1116 1801 domini
1160 1763 1393 1812 temporales
1432 1769 1706 1800 concesserunt

92 1817 306 1874 ἕῖὲιξῗεῖἓῖἷέε-
377 1838 492 1883 clero,
510 1836 559 1874 ad
576 1836 634 1873 sui
659 1835 677 1854 '³‘
699 1841 736 1872 et
757 1834 1048 1884 progenitorum
1070 1846 1226 1872 suorum
1247 1835 1425 1871 meritum
1445 1840 1481 1871 et
1503 1833 1705 1879 honorem,
1721 1837 1776 1870 13¹.
1795 1840 1860 1869 161
1872 1840 1909 1870 b.

93 1875 167 1901 sions
182 1883 210 1901 to
223 1875 315 1901 which

92 1909 274 1974 {233¹ng
377 1908 528 1957 amplos
549 1906 719 1944 redditus
740 1905 983 1955 temporales,
1006 1911 1042 1942 et
1063 1905 1184 1943 clerus
1206 1911 1285 1942 erat
1306 1905 1345 1941 in
1366 1905 1612 1954 possessione
1634 1917 1705 1954 pro
1723 1918 1761 1950 15

93 1982 289 2035 Ψξζζὲρζῇζξη
377 1986 551 2028 tempore
582 1977 679 2014 infra
709 1977 816 2027 quod
848 1977 962 2014 currit
990 1977 1237 2026 prescripcio.
1299 1973 1464 2029 [Nemo]
1496 1989 1590 2025 ergo
1619 1976 1706 2014 diri-

93 2043 187 2068 would
201 2043 264 2068 hurt
278 2043 347 2069 both

94 2077 166 2102 dead
181 2077 236 2102 and
251 2076 346 2109 living,

93 2110 312 2176 ῗὲἒζῖζῖῗέἕξῇε
326 2110 358 2136 Os
379 2122 587 2158 minoraret
614 2119 775 2157 salutem
806 2126 884 2156 tam
914 2119 1116 2156 animabus
1138 2119 1231 2156 vivis
1252 2131 1369 2169 quam
1399 2119 1569 2165 mortuis,
1591 2131 1709 2169 quam

377 2057 497 2087 meret
529 2048 546 2068 ’¹‘
578 2049 636 2086 vel
675 2048 958 2085 machinaretur
998 2047 1175 2085 dirimere
1214 2047 1308 2084 illud
1346 2048 1493 2085 donum
1532 2048 1604 2086 nisi
1643 2048 1707 2098 qui
1721 2053 1764 2082 D.
1780 2054 1824 2086 77
1838 2053 1874 2085 d.

380 2192 503 2229 eciam
542 2191 835 2240 prosperitatem
874 2197 912 2227 et
950 2202 1089 2239 pacem
1127 2202 1346 2239 regnorum.
1404 2189 1481 2227 Sed
1510 2190 1595 2240 quis
1633 2189 1708 2228 hoc

379 2262 541 2300 intendit
571 2262 643 2299 nisi
673 2261 783 2298 fuerit
814 2260 1082 2298 antichristus?
1141 2259 1345 2306 Quantum
1374 2260 1423 2297 ad
1452 2261 1564 2298 istam
1594 2273 1707 2310 argu·
1724 2275 1764 2297 20

95 2334 342 2361 Answer—itcan-
379 2335 479 2371 ciam
519 2333 663 2370 dictum
699 2338 757 2370 est
796 2343 885 2380 sepe
925 2331 1030 2380 quod
1069 2331 1205 2367 militat
1244 2331 1404 2368 dirrecte
1442 2344 1513 2380 pro
1553 2331 1708 2369 veritate

95 2375 142 2394 not
176 2368 238 2394 rofit
251 2369 366 2394 soulsto

96 2377 345 2462 ἓῆέξὲᾗξζξεῑῇθῑΐ
379 2404 567 2442 catholica
598 2403 826 2452 supradicta,
849 2414 938 2440 cum
968 2402 1071 2439 racio
1101 2408 1215 2451 capta
1240 2414 1287 2439 ex
1318 2402 1393 2439 fide
1422 2408 1580 2439 testatur
1601 2401 1708 2450 quod

379 2488 483 2514 error
504 2474 717 2512 contrarius
738 2473 812 2523 legi
829 2473 900 2519 dei,
919 2479 1127 2522 temptatus
1147 2485 1215 2522 per
1235 2474 1501 2522 progenitores
1521 2480 1557 2510 et
1577 2473 1707 2510 defen-

381 2552 484 2583 satus
515 2558 584 2595 per
613 2545 845 2593 superstites,
878 2544 1000 2581 neutri
1040 2544 1137 2592 parti
1173 2543 1324 2592 proficit
1355 2543 1405 2580 ad
1437 2544 1608 2590 salutem,
1639 2545 1707 2582 sed

381 2617 499 2655 officit
536 2615 733 2666 gravando
764 2622 979 2664 peccatum,
1013 2622 1049 2651 et
1085 2614 1299 2663 specialiter
1337 2626 1416 2663 quo
1458 2615 1508 2652 ad
1547 2615 1707 2652 salutem
1724 2628 1762 2658 25

421 2748 451 2778 4.
476 2741 508 2768 et
525 2747 592 2777 per,
610 2744 642 2774 C,
657 2743 690 2767 D.
797 2743 844 2765 10.
869 2734 1070 2775 ducem,pro
1086 2734 1217 2773 directe,
1231 2742 1261 2767 C.
1366 2743 1416 2767 11.
1440 2734 1632 2774 formantur,
1644 2741 1709 2777 pro

375 2789 467 2826 fiunt,
485 2797 520 2820 D.
643 2787 691 2818 16.
716 2787 837 2824 Nemo,
853 2797 913 2817 om.
934 2785 978 2825 13¹,
992 2794 1024 2825 C,
1039 2794 1074 2817 D.
1192 2786 1395 2825 diminueret,
1406 2791 1470 2828 pro
1485 2786 1660 2826 dirimeret,
1677 2795 1709 2819 C.

379 2849 426 2881 17.
451 2840 638 2877 diminuere,
650 2843 714 2880 pro
731 2839 891 2876 dirimere,
909 2846 939 2869 C.
1029 2838 1296 2879 dominium,pro
1313 2838 1448 2878 donum,
1466 2846 1498 2878 C,
1510 2846 1544 2870 D.
1659 2849 1708 2871 20.

376 2892 533 2930 intendet,
550 2899 581 2931 c,
597 2899 631 2923 D.
