1981 3390
112 279 168 330 64

110 413 178 445 they
191 413 285 445 please
298 411 366 437 with

109 447 157 472 the
171 447 316 473 character
328 445 361 471 os

109 481 199 508 alms?

112 841 231 874 Despite
245 841 292 867 the
305 842 379 873 good

112 876 248 901 intention
262 876 293 901 of
305 876 351 901 the

112 911 209 939 donor,
223 909 286 935 God
301 909 380 934 takes

112 952 193 975 away
203 944 274 969 alnis
287 943 356 968 froin

626 283 841 317 SPECULU
850 284 884 315 M
918 282 1147 314 ECCLESIE
1182 281 1487 314 MILITANTIS.

390 401 506 439 talem
523 400 777 439 elemosinam
791 400 880 438 cleri
902 399 959 437 sui
979 412 1024 437 ac
1042 400 1071 436 si
1085 399 1255 437 dicerent
1269 406 1404 437 contra
1421 377 1629 445 Christum,
1645 409 1720 448 ego

391 473 478 511 volo
503 471 609 522 quod
636 472 683 509 sit
712 471 924 509 elemosina
952 471 1309 520 quomodocunque
1330 470 1490 507 vixerint
1520 476 1556 507 et
1585 469 1724 507 suerint

391 543 580 582 contrarie
608 543 683 592 legi
712 549 787 590 tue,
809 542 868 579 vel
892 555 966 592 ego
994 542 1080 580 volo
1102 542 1208 591 quod
1229 543 1327 579 vivat
1348 542 1398 578 ad
1427 541 1720 579 edificacionem

391 615 552 654 ecclesie
574 614 715 652 Christi
735 613 885 659 utiliter,
906 614 996 662 quia
1016 613 1172 651 indubie
1200 613 1253 650 sic
1279 613 1356 650 vult
1386 613 1491 658 deus,
1513 625 1606 661 ergo
1635 624 1722 649 mea

391 686 529 725 volicio
551 692 608 723 est
628 685 794 735 impleta.
856 684 1076 734 Stephanus
1096 684 1253 734 quidem
1273 684 1358 722 Act.
1386 681 1425 732 7Ο
1445 683 1597 733 negavit
1620 683 1721 721 hanc
1737 694 1754 726 5

392 757 720 807 consequenciam
741 768 829 793 cum
851 756 946 793 dixit
965 755 1110 806 Judeos
1140 755 1353 804 specialiter
1382 755 1581 804 religiosos
1610 761 1723 803 atque

393 829 599 879 episcopos
619 840 709 877 sepe
723 827 905 865 voluntati
926 826 1051 864 divine
1072 827 1263 872 restitisse,
1278 827 1362 876 quis
1382 838 1477 876 ergo
1499 826 1605 864 color
1618 825 1723 874 quod

393 901 447 937 sic
485 900 650 936 ditantes
684 898 891 936 ecclesiam
925 897 1196 935 benesecerant
1230 910 1319 935 cum
1349 897 1565 934 habuerunt
1593 897 1724 934 huius-

112 976 381 1009 priestswhenthey
394 971 499 1008 modi
520 970 767 1015 voluntatem,
789 969 884 1007 deus
905 969 1008 1007 enim
1029 981 1107 1007 non
1132 967 1150 988 *
1173 969 1350 1007 obstante
1370 969 1565 1006 voluntate
1593 967 1723 1005 huius-
1738 975 1781 1006 B.
1799 976 1840 1008 17
1854 976 1890 1005 b.

112 1011 164 1037 sin.
180 1011 235 1036 and
249 1010 358 1035 secular

112 1044 187 1069 lords
200 1044 300 1069 should

112 1078 236 1103 conform
251 1084 278 1104 to
294 1077 349 1103 His

112 1112 219 1138 decree.

115 1548 178 1575 The
191 1554 338 1581 argument

117 1584 179 1609 that
192 1582 338 1615 perpetual

116 1618 187 1643 alms
200 1626 252 1642 can
265 1616 298 1641 be

118 1650 289 1676 maintained
304 1649 342 1681 by

117 1684 252 1710 renewals
264 1683 335 1709 from

117 1717 274 1744 successive
288 1716 363 1742 heirs

117 1751 141 1777 is
155 1752 219 1781 bad,
238 1751 280 1776 for
291 1750 325 1782 (i)

118 1786 197 1810 these
217 1793 263 1810 are
281 1789 330 1809 not

117 1818 263 1851 perpetual
277 1818 355 1848 alms‚

117 1852 162 1883 (ii)
175 1852 242 1883 they
253 1851 324 1877 have
339 1856 386 1876 not

119 1886 167 1911 the
182 1885 261 1911 merit
275 1894 318 1910 as-

119 1919 214 1945 cribed
229 1925 257 1944 to
271 1918 339 1944 such

120 1954 200 1979 alms,
215 1952 267 1983 (iii)
282 1952 329 1977 the

120 1987 194 2012 heirs
207 1986 299 2011 would
313 1986 350 2011 do

121 2029 157 2045 no
169 2020 243 2052 good
258 2019 333 2045 work
347 2019 375 2045 in

120 2053 262 2086 renewing
275 2053 361 2080 them.

125 2482 265 2513 Graming
279 2481 340 2507 that

124 2516 259 2548 temporal
274 2515 348 2541 lords

126 2551 218 2576 would
233 2550 266 2575 be
281 2548 385 2581 willing

394 1043 500 1080 modi
531 1041 752 1091 inculpabili
783 1041 917 1079 auffert
952 1040 1092 1078 collata
1117 1040 1195 1078 istis
1226 1040 1371 1078 clericis
1401 1052 1490 1078 cum
1520 1040 1572 1077 sic
1603 1039 1780 1077 defin-10

393 1122 528 1164 quum,
549 1126 666 1162 quare
687 1124 781 1162 ergo
802 1124 881 1150 non
902 1112 1044 1149 debent
1065 1112 1117 1149 sic
1140 1112 1285 1149 domini
1307 1124 1347 1149 se
1368 1111 1428 1148 dei
1454 1113 1554 1148 bene
1584 1111 1724 1160 placito

393 1184 695 1229 conformantes,
725 1195 816 1220 cum
845 1184 884 1220 in
914 1182 989 1220 hoc
1020 1195 1099 1220 non
1127 1183 1224 1220 iacet
1244 1183 1401 1220 evidens
1421 1182 1634 1232 periculum
1656 1182 1723 1220 sed

395 1255 643 1294 conformitas
670 1255 745 1303 legi
767 1255 837 1300 dei,
860 1254 947 1303 quia
975 1266 1054 1291 non
1077 1254 1236 1291 dubium
1266 1254 1358 1303 quin
1389 1253 1512 1291 clerus
1542 1254 1580 1290 in
1611 1265 1724 1302 apos-

395 1328 480 1365 tolis
520 1334 556 1364 et
595 1326 746 1376 Chrysti
784 1326 981 1375 discipulis
1015 1325 1104 1362 vixit
1144 1326 1312 1362 securius
1351 1331 1465 1375 atque
1513 1324 1726 1374 perfeccius

396 1398 563 1436 carendo
603 1398 740 1435 talibus
779 1397 933 1434 diutinis
973 1396 1195 1434 elemosinis
1231 1408 1348 1445 quam
1382 1396 1469 1433 vivit
1500 1395 1558 1433 vel
1593 1396 1779 1436 vixerit15

397 1469 520 1507 clerus
550 1476 689 1507 noster.
759 1468 856 1514 Quis
886 1480 979 1516 ergo
1014 1467 1158 1505 fructus
1188 1467 1392 1516 spiritualis
1423 1467 1480 1504 vel
1509 1467 1583 1504 vita
1613 1467 1726 1503 mira-

397 1541 528 1578 culosa
554 1541 660 1577 daret
690 1539 927 1577 evidenciam
958 1539 1008 1576 ad
1039 1538 1343 1576 continuandum
1375 1538 1468 1575 tales
1498 1538 1729 1576 elemosinas

399 1612 451 1649 sic
473 1612 669 1661 inceptas?
706 1610 757 1647 Et
776 1617 880 1659 patet
901 1609 1073 1647 defectus
1095 1609 1249 1659 argucie
1270 1610 1553 1658 consequentis,
1570 1609 1728 1658 quando

399 1683 568 1732 arguitur
590 1682 694 1732 quod
716 1682 769 1719 sic
792 1682 931 1718 servari
952 1688 1111 1730 possent
1137 1681 1347 1718 elemosine
1378 1688 1559 1730 perpetue
1590 1693 1611 1718 a
1641 1693 1728 1730 pro-

399 1754 639 1803 genitoribus
669 1765 855 1791 concesse
897 1765 965 1802 per
994 1752 1294 1801 generacionem
1328 1764 1376 1789 ex
1411 1751 1471 1788 dei
1504 1751 1728 1789 ordinancia
1744 1763 1784 1784 20

401 1825 685 1863 succedentem.
744 1824 829 1862 Nec
859 1824 962 1861 enim
990 1823 1148 1860 docetur
1173 1822 1278 1871 quod
1307 1822 1375 1860 iste
1407 1829 1493 1860 sunt
1523 1822 1730 1860 elemosine

400 1903 586 1946 perpetue
616 1895 774 1933 fundate
813 1907 835 1931 a
874 1894 1196 1944 progenitoribus,
1225 1906 1296 1930 nec
1325 1893 1431 1942 quod
1460 1893 1510 1930 illi
1539 1893 1678 1930 exinde
1708 1906 1731 1930 a

401 1968 684 2017 dampnacione
716 1973 901 2016 perpetua
931 1972 1018 2002 sunt
1047 1965 1226 2014 exempti,
1256 1977 1326 2001 nec
1359 1964 1463 2014 quod
1491 1970 1591 2002 esset
1620 1965 1732 2002 meri-

401 2039 541 2076 torium
563 2037 812 2087 generacioni
843 2037 996 2074 illorum
1026 2036 1169 2073 dictam
1199 2036 1450 2073 elemosinam
1481 2048 1629 2073 servare
1659 2047 1730 2084 pro

402 2110 551 2148 morula
579 2110 618 2146 in
647 2110 719 2147 hac
750 2109 886 2154 forma,
918 2121 990 2145 nec
1022 2107 1133 2145 video
1164 2119 1232 2156 per
1261 2106 1335 2143 hoc
1376 2106 1626 2152 evidenciam,
1659 2106 1785 2146 nisi25

403 2182 508 2231 quod
529 2181 588 2219 isti
609 2180 755 2218 domini
775 2180 814 2216 in
842 2180 916 2217 hoc
944 2179 1135 2216 excedunt
1163 2184 1199 2215 et
1229 2178 1424 2215 declinant
1453 2190 1474 2214 a
1503 2177 1634 2226 regula
1663 2177 1730 2214 (lo-

404 2254 499 2290 mini
528 2252 621 2303 Jesu
653 2252 806 2290 Christi.
877 2250 977 2288 Cum
1008 2262 1103 2298 ergo
1133 2250 1172 2286 in
1203 2249 1340 2286 talibus
1370 2261 1459 2297 pars
1489 2249 1657 2286 securior
1687 2249 1734 2286 sit

404 2324 582 2370 tenenda,
605 2323 751 2361 videtur
776 2323 881 2372 quod
910 2322 1006 2360 soret
1037 2321 1204 2358 securius
1235 2319 1349 2356 talem
1379 2319 1428 2356 ad
1457 2319 1732 2368 ewangelicam

405 2402 667 2445 paupertatem
690 2394 918 2442 restringere
939 2400 975 2430 et
995 2405 1076 2430 non
1097 2391 1285 2429 excedere
1306 2391 1446 2428 limites
1466 2391 1558 2440 Jesu
1579 2389 1731 2428 Christi.

405 2467 454 2504 Et
494 2466 654 2504 concedi
693 2471 823 2515 posset
861 2464 969 2513 quod
1009 2463 1199 2501 seculares
1239 2462 1385 2499 domini
1430 2468 1658 2498 conservent
1697 2467 1733 2498 et
1747 2469 1788 2501 30

407 2538 590 2587 colligant
618 2538 667 2575 ad
694 2549 785 2575 usus
814 2537 902 2574 cleri
931 2547 1070 2573 omnes
1100 2534 1268 2571 redditus
1298 2533 1390 2570 istos
1421 2533 1497 2569 sive
1527 2531 1669 2570 fructus
1698 2539 1735 2569 et

452 2641 480 2662 2.
497 2631 621 2668 fuerint,
637 2640 698 2661 om.
716 2638 747 2661 C.
837 2638 866 2668 3.
888 2629 1009 2666 vivant,
1028 2636 1059 2658 Β.
1151 2639 1182 2668 4.
1207 2627 1243 2665 si,
1255 2632 1319 2667 pro
1335 2626 1391 2664 sie,
1411 2634 1443 2657 C,
1533 2624 1563 2656 6.
1587 2629 1618 2656 et
1634 2625 1735 2666 speci-

406 2684 510 2720 aliter,
531 2690 560 2720 Β,
576 2691 606 2714 C.
713 2690 741 2722 7.
766 2691 902 2721 semper,
914 2685 978 2721 pro
994 2690 1080 2720 sepe,
1093 2688 1124 2711 C.
1238 2687 1286 2709 10.
1313 2678 1399 2715 dum,
1412 2682 1476 2718 pro
1492 2687 1566 2708 eum
1583 2675 1637 2714 sic,
1657 2683 1687 2713 B,
1703 2684 1734 2708 c.

410 2745 460 2767 11.
486 2745 548 2765 non
566 2734 609 2764 al.
627 2744 716 2764 man.
736 2733 772 2764 in
791 2742 893 2773 maig.
913 2732 956 2770 13¹,
973 2739 1002 2762 Β.
1075 2732 1118 2761 al.
1137 2741 1225 2761 man.
1244 2731 1290 2769 εἷ).
1309 2728 1486 2771 <=supple
1495 2728 1524 2769 t»
1543 2727 1682 2764 aufferre,
1703 2735 1733 2757 B.

412 2797 460 2818 12.
486 2786 659 2823 evidenter,
680 2793 708 2823 B,
726 2793 757 2816 C.
904 2793 952 2823 15.
976 2783 1052 2824 legi,
1073 2790 1103 2821 B,
1118 2790 1147 2820 C,
1166 2782 1258 2822 legis,
1275 2781 1319 2811 13¹.
1481 2789 1527 2820 15.
1552 2779 1685 2816 vixerat,
1706 2786 1734 2809 Β.

412 2839 461 2870 18.
485 2843 617 2878 est,pro
635 2842 732 2878 patet,
753 2845 783 2868 C.
935 2835 985 2866 26.
1010 2834 1148 2872 domini,
1164 2844 1225 2865 om.
1245 2841 1275 2869 B,
1290 2841 1320 2863 C.
1463 2841 1513 2872 31.
1539 2831 1618 2862 istos
1635 2829 1733 2868 redd„

408 2891 478 2922 ord.
497 2891 567 2921 inv.
586 2897 615 2920 B.
