1981 3390
124 296 177 337 66
634 298 890 331 SPECULUM
924 295 1154 328 ECCLESIE
1187 291 1494 325 MILITANTIS.

123 416 367 482 {iiiiicfflissnffffgg
403 416 507 454 enim
536 415 609 465 ipsi
639 415 780 452 debent
807 413 860 451 sic
882 412 1019 457 facere,
1040 417 1132 448 tunc
1153 410 1212 448 vel
1232 422 1335 459 papa
1362 415 1501 459 peccat
1529 420 1610 446 non
1631 407 1736 445 veni-

123 483 390 545 fisfflzhffeffigfczln
405 487 507 525 endo
537 487 590 523 sic
623 486 748 523 facere
778 484 853 522 hoc
884 482 1135 520 ministerium
1164 481 1222 519 vel
1256 480 1430 530 episcopi
1459 486 1622 528 peccant
1654 490 1735 516 non

405 557 594 595 veniendo
623 556 672 593 ad
702 557 828 605 ipsum
855 562 895 592 ut
921 555 994 591 hoc
1018 553 1189 590 debitum
1210 551 1462 588 ministerium
1484 549 1736 599 compleatur.

126 634 364 700 ἒξέῑιτὶιὲιέῑεῗιρῐῇἓξ
405 629 455 666 Et
485 629 536 666 sic
568 628 731 666 concedi
759 627 873 664 debet
899 625 1004 675 quod
1032 631 1106 662 stat
1137 623 1275 660 servari
1305 622 1521 659 dominium
1549 621 1588 657 in
1618 632 1738 657 manu

126 702 314 734 ”myreceive
406 699 628 749 principalis
649 698 797 736 domini
824 697 1006 735 secularis
1036 703 1072 733 et
1101 706 1224 744 genus
1254 693 1497 730 sacerdotum
1527 705 1596 742 per
1615 703 1736 741 quan·
1753 698 1770 729 5

127 745 200 761 mere
214 735 302 766 fruits,
317 735 340 760 if

125 769 384 829 {igff¹¹a³¹¹¹¹cff¹¹f‘gtr¹2tsg
407 778 643 819 tunicunque
672 777 826 818 tempus
856 767 1089 806 racionabile
1117 766 1314 815 percipere
1336 776 1452 814 puros
1472 764 1627 809 fructus,
1649 763 1739 812 quia

127 837 213 862 ¹¹e⁸d⁵
226 836 257 862 ⁰s
273 836 320 862 ‘he
337 845 393 861 ¹¹¹⁰·
407 842 480 879 hoc
503 840 760 878 verificaretur
788 839 880 888 ipsis
901 838 1203 888 percipientibus
1224 836 1371 874 fructus
1391 842 1738 885 quantumcunque

127 876 212 896 ment.

126 921 328 985 tlffitmffltlfogg
342 958 369 978 Ἠ
409 912 585 950 modicos
603 911 659 948 vel
680 923 748 960 per
769 910 920 948 horam.
963 909 1040 946 Sed
1061 907 1167 957 quod
1188 907 1330 944 debent
1349 919 1417 956 per
1437 906 1596 944 totidem
1617 916 1740 943 annos

128 993 251 1020 present·
410 984 555 1021 fructus
575 982 784 1032 percipere,
805 988 846 1018 ut
866 981 942 1018 iarn
964 980 1009 1017 de
1031 979 1131 1016 facto
1152 979 1379 1028 percipiunt,
1401 990 1481 1016 non
1502 984 1558 1015 est
1587 975 1740 1014 eviden-

128 1055 469 1126 ‡ss'{t²ss}3ss*g‚{‚1ss'¹¹¹ercia
497 1054 659 1091 asinina.
715 1052 765 1090 Et
792 1052 845 1090 sic
878 1051 1041 1089 concedi
1072 1050 1185 1087 debet
1214 1049 1415 1087 conclusio
1443 1049 1546 1086 illata
1574 1048 1739 1092 ulterius,
1758 1062 1797 1085 10

129 1125 555 1194 {jggfffgliighffinffi}scilicet
577 1124 683 1174 quod
704 1123 878 1173 episcopi
899 1129 1063 1172 possunt
1084 1122 1207 1159 vivere
1237 1121 1419 1158 continue
1449 1121 1488 1157 in
1517 1125 1742 1169 paupertate

129 1195 645 1245 theirsuPesflusty·ewangelica
669 1202 706 1233 et
731 1194 965 1244 pauperibus
995 1193 1218 1230 distribuere
1246 1192 1405 1230 fideliter
1434 1191 1538 1241 quod
1569 1197 1743 1240 superest

412 1267 459 1304 de
480 1266 699 1304 elemosinis
721 1266 790 1302 sibi
812 1264 919 1309 (latis,
937 1264 1026 1313 quia
1046 1276 1068 1300 a
1088 1263 1276 1313 probabili
1298 1263 1352 1301 sic
1375 1262 1546 1300 fecerunt
1566 1260 1741 1311 apostoli,

411 1338 476 1387 qui
495 1344 604 1375 erant
619 1337 805 1386 episcopi,
827 1343 863 1373 et
889 1335 998 1372 multi
1022 1335 1082 1372 alii
1107 1335 1280 1384 episcopi
1301 1335 1340 1371 in
1368 1334 1432 1371 illo
1452 1332 1674 1371 centenario
1703 1331 1742 1368 in

131 1417 187 1442 But
200 1415 255 1441 this
269 1416 336 1441 does
349 1421 397 1442 not
411 1421 489 1458 quo
512 1409 687 1445 vixerunt
716 1406 1015 1456 exproprietarie
1045 1412 1132 1444 ante
1163 1405 1409 1442 dotacionem
1437 1404 1609 1442 ecclesie.
1668 1402 1743 1440 Sed
1759 1412 1796 1444 15

128 1450 231 1482 justify
244 1450 355 1475 endow-

131 1483 398 1543 {nhssi}ss,12⁸g}¹⁵i¹¹oe
413 1479 504 1529 quid
532 1479 602 1516 ista
626 1478 825 1516 conclusio
852 1477 899 1515 ad
921 1476 1206 1514 iustificandum
1227 1476 1472 1513 dotacionem
1493 1475 1550 1512 vel
1570 1474 1744 1512 elemosi-

133 1551 275 1577 Sib'esstcr·
412 1562 504 1587 narn
526 1549 615 1587 cleri
636 1562 658 1586 a
678 1557 852 1598 tempore
873 1548 1037 1585 Silvestri
1058 1548 1240 1585 continue
1261 1547 1553 1585 decurrentem?

470 1621 546 1658 Sed
567 1621 655 1671 quia
677 1620 833 1669 quidam
854 1619 918 1668 qui
940 1619 1113 1657 videntur
1132 1631 1216 1656 esse
1237 1619 1379 1668 aliquid
1405 1618 1568 1655 multum
1598 1617 1745 1667 ponde-

412 1699 499 1730 rant
527 1692 629 1729 hanc
661 1691 900 1728 evidenciam
931 1690 1028 1727 sicut
1059 1702 1150 1738 sepe
1180 1702 1314 1727 verum
1343 1690 1478 1735 innuit,
1512 1689 1600 1727 idco
1630 1689 1744 1738 aliqui
1759 1692 1796 1721 C.
1811 1690 1904 1720 20b.

412 1763 691 1801 necessitantur
704 1762 960 1811 particulatim
977 1762 1104 1810 ipsum
1121 1761 1327 1799 dissolvere
1341 1761 1494 1799 seriose.
1527 1760 1744 1797 Assumitur
1760 1770 1799 1792 20

412 1847 506 1883 ergo
526 1835 564 1870 in
585 1833 781 1870 evidencia
797 1845 886 1870 cum
907 1832 1033 1870 clerici
1054 1840 1212 1882 possent
1231 1833 1353 1869 vivere
1375 1832 1554 1870 continue
1581 1832 1620 1868 in
1651 1843 1745 1881 pau-

136 1911 557 1955 ltisargued,w11ypertate
591 1904 824 1952 ewangelica
857 1910 893 1941 et
927 1904 1160 1954 pauperibus
1194 1903 1353 1941 fideliter
1387 1904 1609 1941 distribuere
1640 1901 1746 1952 quod

134 1961 200 1984 may
213 1957 261 1977 not
276 1951 350 1976 lords

133 1985 293 2017 compouud
307 1984 350 2009 for
414 1983 588 2025 superest
618 1975 666 2013 de
692 1975 912 2012 elemosinis
939 1975 1009 2012 sibi
1030 1975 1136 2021 datis,
1161 1987 1277 2024 quare
1298 1974 1483 2011 nonlicet
1503 1973 1669 2011 dominis
1693 1973 1746 2010 sic

134 2019 207 2044 their
217 2028 279 2044 own
293 2018 349 2043 and

134 2053 209 2078 their
221 2052 335 2077 descen·
414 2047 504 2085 dare
526 2058 615 2084 suas
635 2046 878 2092 elemosinas,
899 2046 1148 2083 exonerando
1177 2058 1217 2084 se
1238 2053 1274 2083 et
1295 2058 1385 2083 suos
1413 2052 1599 2094 posteros,
1631 2050 1669 2082 et
1697 2056 1744 2081 ex
1759 2051 1801 2082 B.
1818 2050 1864 2079 18
1877 2057 1908 2079 a.

134 2086 225 2111 dants'
236 2086 314 2117 alms,
327 2084 383 2110 and

134 2118 401 2184 ζίξῑὶξζῃζῖὶζὲῗὲὲἐὲθ
415 2126 522 2167 parte
543 2118 659 2155 altera
680 2117 768 2154 licet
789 2117 932 2155 clericis
953 2118 1159 2166 prudenter
1180 2117 1401 2154 distribuere
1422 2116 1490 2153 has
1517 2115 1746 2153 elemosinas
1762 2129 1799 2160 25

133 2196 165 2212 as
178 2183 225 2211 did
242 2186 288 2211 the

134 2220 258 2251 apostles
274 2219 330 2245 and

135 2253 278 2279 deacons?

416 2190 512 2227 sicut
540 2189 705 2238 apostoli
734 2195 772 2225 et
801 2188 967 2237 dyaconi
996 2188 1239 2237 perfecerunt
1267 2194 1308 2225 ut
1337 2194 1441 2237 patet
1470 2187 1639 2224 Actuum
1669 2184 1746 2224 vi0?

416 2261 492 2298 Hic
514 2260 649 2297 dicitur
670 2259 774 2309 quod
794 2259 868 2297 hoc
896 2259 982 2296 ideo
1013 2260 1102 2308 quia
1131 2259 1254 2296 clerus
1278 2259 1389 2296 debet
1417 2258 1605 2308 peccandi
1634 2269 1747 2294 occa-

135 2339 199 2398 Lrffi
212 2338 370 2404 ῗὲἓιὲῗζιῑξ)
418 2332 567 2369 sionem
589 2331 718 2368 tollere
739 2337 775 2368 et
796 2330 887 2367 dare
908 2330 1144 2368 evidenciam
1166 2330 1247 2367 aliis
1274 2330 1323 2366 ad
1352 2337 1512 2379 peccata
1537 2328 1748 2366 mundialia

137 2407 238 2432 should
252 2406 335 2431 avoid
350 2406 386 2432 all
417 2401 641 2451 fugiendum
666 2409 703 2439 et
736 2402 899 2438 omnino
935 2413 1071 2450 capere
1105 2401 1325 2450 exemplum
1357 2414 1379 2438 a
1410 2400 1562 2438 Christo
1596 2406 1633 2437 et
1671 2399 1748 2436 suis

137 2439 267 2465 occasion
278 2440 310 2465 of
317 2440 368 2471 sin,

136 2474 303 2533 {ffligssssffiv
418 2473 604 2522 apostolis
624 2472 673 2509 ad
693 2473 799 2521 ipsos
820 2472 858 2509 in
879 2473 954 2509 vita
974 2478 1011 2509 et
1038 2473 1209 2510 moribus
1235 2478 1272 2509 et
1301 2472 1480 2520 pauperie
1508 2470 1746 2508 imitandum.
1761 2472 1818 2505 B'.
1834 2475 1902 2505 159
1915 2482 1946 2504 a.

419 2544 487 2582 Ille
517 2544 620 2581 enim
647 2543 714 2580 suit
744 2544 840 2589 finis,
861 2556 979 2593 quare
1001 2543 1176 2580 Christus
1196 2543 1286 2579 vixit
1301 2543 1417 2579 vitam
1437 2550 1515 2579 tarn
1536 2552 1748 2591 pauperem

466 2645 493 2668 1.
518 2636 675 2677 episcopi,
686 2640 750 2676 fro
767 2635 838 2676 ipsi,
856 2643 885 2666 Β.
978 2642 1006 2676 7.
1030 2634 1248 2666 verificaretur
1263 2645 1345 2666 corr.
1361 2635 1406 2666 al.
1421 2645 1510 2666 man.
1530 2635 1567 2665 in
1585 2645 1691 2675 marg.
1708 2645 1748 2665 ex

419 2687 608 2725 verificatur,
624 2686 668 2718 ΕΙ.
732 2696 780 2726 14.
798 2687 1041 2724 tercentenario,
1062 2694 1090 2724 B,
1106 2694 1136 2716 C.
1202 2695 1250 2726 15.
1268 2691 1395 2716 tantum
1409 2686 1661 2726 dotacioni7p7'0
1674 2690 1749 2716 ante

419 2739 639 2776 (lotaeionem,
658 2747 690 2776 B,
705 2747 735 2769 C.
817 2746 865 2778 17.
889 2738 1088 2773 decurrente,
1106 2745 1136 2773 B,
1151 2746 1180 2768 C.
1260 2738 1309 2768 18.
1334 2737 1477 2778 quidam,
1498 2745 1528 2772 B,
1541 2745 1581 2774 c;
1605 2736 1745 2777 quidem,

421 2792 464 2823 1³¹.
548 2791 718 2832 ponderat,
739 2790 780 2829 13¹,
796 2800 836 2828 (:;
861 2790 1054 2831 ponderant,
1073 2798 1102 2821 Β.
1196 2799 1245 2828 23.
1271 2789 1316 2820 sic
1331 2789 1407 2820 dare
1424 2789 1574 2826 dominis,
1591 2788 1658 2819 ord.
1678 2788 1747 2819 inv.

421 2851 453 2880 11,
470 2843 525 2873 scd
538 2842 682 2873 dominis
697 2843 742 2872 al.
761 2853 850 2873 man.
867 2842 904 2872 in
919 2852 1024 2882 marg.
1125 2851 1175 2880 30.
1200 2841 1316 2872 mortis
1331 2842 1359 2880 (ἶ)
1370 2839 1501 2881 morte),
1513 2845 1577 2880 pro
1590 2839 1746 2877 moribus,

423 2901 449 2930 1)»,
470 2902 499 2924 c.
590 2899 632 2932 εἴ,
649 2899 725 2924 (mle
742 2893 904 2934 pauperie,
923 2904 983 2925 om.
1004 2901 1032 2931 n,
1048 2902 1077 2924 C.
1171 2901 1220 2932 31.
1248 2893 1321 2929 Iste,
1334 2897 1397 2933 pro
1415 2891 1487 2930 Ille,
1508 2899 1539 2929 B,
1553 2899 1583 2922 C.
