1981 3390
132 255 187 310 38

132 393 180 422 yet
194 387 351 422 approving

132 423 334 449 endowments.

135 959 166 986 If
175 959 222 986 the
235 957 343 986 secular

134 1003 228 1027 power
241 994 273 1019 of
281 993 329 1018 the

134 1029 231 1060 clergy
244 1027 267 1053 is
280 1027 365 1059 right,

134 1062 200 1094 why
213 1070 259 1087 are
273 1061 353 1087 sriars

133 1095 274 1129 beggars?

138 1385 168 1411 Is
176 1393 283 1417 wrong,
296 1383 370 1410 their

136 1419 240 1445 silence
253 1419 276 1444 is
286 1419 375 1452 hypo-

136 1453 252 1479 critical.

139 1813 197 1840 But
209 1812 283 1839 their
295 1811 344 1838 life

138 1846 264 1879 requires
276 1846 337 1872 that
351 1845 372 1871 it

137 1881 240 1906 should
253 1880 288 1906 be
301 1887 408 1911 wrong,

140 1915 196 1939 and
210 1913 264 1939 this
277 1913 301 1939 is
314 1918 386 1939 most

139 1952 169 1973 to
183 1947 217 1973 be
230 1947 346 1973 trusted.

143 2381 258 2415 Purged
271 2381 303 2407 of
312 2380 347 2407 its
360 2388 409 2406 un-

142 2416 292 2448 scriptural
306 2420 347 2440 at-

142 2449 263 2475 tributes
276 2448 349 2473 their

143 2489 202 2509 sect
216 2482 309 2508 would
323 2482 358 2507 be

142 2516 306 2548 acceptable
319 2520 348 2542 to

145 2550 218 2576 God.

649 265 906 300 SPECULUM
938 267 1169 302 ECCLESIE
1201 269 1506 304 MILITANTIS.

411 380 546 419 tariam
566 387 606 420 ut
627 383 762 421 ceteris
783 382 869 433 plus
888 383 1108 433 perfectam.
1157 384 1243 423 Nec
1264 385 1425 424 dubium
1446 387 1539 436 quin
1559 387 1598 424 in
1614 388 1742 426 verbis

413 458 450 490 et
489 464 606 502 opere
645 448 901 492 consenciunt
936 454 1131 493 dotacioni
1167 455 1269 502 cleri,
1301 469 1390 494 curn
1419 463 1499 494 tam
1528 459 1745 496 vecorditer

413 523 452 560 in
482 523 830 573 predicacionibus,
851 525 890 561 in
912 525 1222 563 confessionibus
1246 532 1283 564 et
1308 527 1391 564 aliis
1412 528 1743 566 communicacio-

414 594 527 631 nibus
556 601 685 632 tacent
713 595 752 632 in
781 596 856 633 isto
886 596 1014 634 dicere
1038 597 1248 635 veritatem.
1307 596 1516 635 Maledicta
1538 605 1668 636 autern
1697 599 1744 636 sit

413 665 498 702 talis
536 672 640 704 secta
674 678 749 716 que
787 667 892 717 ipsos
933 668 1139 706 necessitat
1169 668 1219 706 ad
1250 667 1388 706 falsum
1422 675 1501 706 tam
1536 669 1743 718 proditorie
1758 685 1777 717 5

414 736 669 775 nutriendum.
710 737 817 784 Ideo,
833 744 872 775 ut
893 739 1052 788 quidam
1074 745 1259 784 asserunt,
1276 738 1408 777 fideles
1429 751 1510 777 non
1527 741 1746 778 communi-

414 814 546 846 carent
569 820 658 845 cum
686 808 768 854 illis,
795 821 867 846 nec
889 821 958 847 ave
979 810 1033 847 eis
1053 809 1235 856 dicerent,
1261 816 1469 859 antequam
1490 810 1537 848 de
1558 811 1632 848 isto
1653 811 1745 848 cleri

413 879 587 917 dominio
607 879 736 928 palam
757 879 954 928 proderint
972 880 1088 917 fidem
1110 892 1232 918 suam.
1277 880 1315 917 Si
1337 887 1465 918 autem
1486 882 1747 930 approbarent

413 949 515 987 istud
536 949 626 986 cleri
647 949 876 996 dominium,
891 956 982 987 tunc
1003 949 1127 988 forent
1149 951 1252 988 stulti
1274 951 1355 988 sine
1377 951 1581 989 autoritate
1603 951 1745 990 Christi

412 1020 535 1057 taliter
554 1019 832 1067 mendicantes,
854 1032 944 1058 cum
964 1020 1063 1058 foret
1082 1020 1276 1070 perfeccio
1295 1022 1349 1059 eis
1369 1021 1510 1060 habere
1533 1020 1552 1041 *
1575 1022 1746 1060 seculare
1760 1031 1801 1060 B.
1814 1031 1860 1060 10
1869 1030 1907 1060 b.

415 1090 631 1129 dominium
663 1091 768 1140 quod
798 1104 820 1128 a
851 1091 1004 1130 Christo
1034 1091 1102 1129 fuit
1131 1092 1389 1141 multipliciter
1419 1093 1688 1142 approbatum,
1709 1100 1747 1131 et

419 1173 620 1211 nunquam
642 1162 765 1198 taliter
786 1162 1016 1207 mendicare,
1031 1169 1067 1200 et
1089 1163 1303 1212 specialiter
1323 1175 1345 1200 a
1366 1163 1452 1200 viris
1474 1162 1493 1182 *
1516 1170 1596 1201 tam
1615 1163 1748 1201 validis
1761 1168 1898 1201 B¹.154
1908 1170 1944 1202 d.

415 1240 451 1270 et
471 1240 578 1271 tanto
599 1245 760 1271 numero
780 1233 1015 1283 glomeratis,
1037 1246 1109 1283 pro
1131 1234 1244 1272 tantis
1274 1234 1432 1272 edificiis
1462 1235 1746 1282 construendis,

415 1312 451 1343 et
473 1305 555 1342 aliis
575 1305 791 1354 sumptibus
812 1311 946 1342 contra
965 1305 1209 1354 evangelium
1231 1304 1373 1343 Christi
1398 1306 1506 1344 fictis.
1558 1306 1596 1343 Si
1618 1312 1749 1343 autem

415 1389 463 1414 ex
485 1376 687 1413 autoritate
709 1376 893 1425 scripture
915 1377 1121 1425 reprobant
1142 1376 1244 1414 istud
1265 1377 1356 1414 cleri
1374 1377 1589 1415 dominium
1611 1384 1648 1415 et
1668 1384 1748 1416 tam
1765 1392 1804 1424 15

415 1447 674 1496 multipliciter
696 1452 826 1484 tacent
848 1447 974 1495 ipsum
1004 1446 1226 1484 hominibus
1257 1447 1395 1496 quibus
1425 1460 1473 1485 ex
1503 1448 1749 1486 consciencia

417 1518 698 1568 pupplicarent,
719 1518 803 1566 quis
824 1517 971 1554 dubitat
992 1518 1082 1566 quin
1107 1525 1195 1555 sunt
1215 1518 1269 1554 vir
1290 1517 1432 1567 duplex
1454 1519 1596 1564 animo,
1613 1519 1750 1557 incon-

419 1596 562 1627 stanter
580 1595 716 1626 tenens
738 1601 827 1626 cum
848 1588 1009 1626 falsitate
1030 1600 1147 1638 quam
1179 1588 1298 1626 credit
1329 1600 1507 1638 superare
1529 1589 1579 1627 ad
1598 1595 1750 1639 tempus

417 1660 616 1698 modicum
637 1666 677 1696 ut
698 1658 874 1697 arundo?
914 1658 964 1695 Et
986 1671 1075 1696 cum
1092 1659 1235 1696 factum
1256 1659 1343 1709 plus
1364 1660 1477 1697 docet
1498 1672 1616 1710 quam
1635 1661 1750 1698 verba

418 1731 565 1768 videtur
585 1743 632 1768 ex
653 1729 888 1780 professione
915 1729 972 1767 sui
1002 1730 1148 1767 ordinis
1177 1730 1283 1780 quod
1313 1730 1399 1780 plus
1429 1737 1485 1768 est
1514 1730 1750 1768 credendum
1766 1745 1807 1766 20

420 1803 497 1840 suis
528 1801 710 1851 operibus
743 1801 848 1850 quod
881 1800 1103 1839 dominacio
1137 1801 1207 1838 ista
1237 1801 1283 1838 sit
1313 1801 1453 1847 illicita,
1485 1814 1603 1851 quam
1627 1802 1751 1839 verbis

419 1874 495 1911 suis
525 1872 742 1922 duplicibus
773 1871 822 1909 ad
855 1884 928 1921 que
960 1884 1032 1921 pro
1065 1871 1269 1920 temporali
1305 1872 1438 1921 precio
1467 1871 1749 1909 conducuntur·

418 1944 522 1982 Nam
554 1943 639 1993 plus
670 1949 726 1980 est
755 1941 992 1980 credendum
1024 1942 1176 1980 medico
1211 1942 1258 1979 de
1291 1942 1508 1980 salubritate
1542 1942 1750 1980 herbarum

418 2016 468 2053 ab
488 2014 646 2052 homine
668 2014 814 2051 sicitato
836 2012 999 2050 di*centi
1020 2013 1126 2062 quod
1155 2026 1179 2049 α
1209 2013 1327 2050 herba
1356 2019 1411 2050 est
1443 2013 1693 2050 saluberrima
1713 2018 1750 2050 et
1763 2019 1843 2047 108.

420 2086 441 2123 b
471 2086 590 2123 herba
618 2084 826 2130 mortifera,
867 2085 897 2121 si
926 2097 949 2121 a
984 2084 1143 2121 herbam
1182 2083 1380 2133 aufugeret
1418 2091 1459 2120 ut
1489 2096 1682 2121 venenum
1713 2090 1751 2121 et
1767 2095 1805 2127 ²5

420 2158 440 2193 b
461 2157 623 2194 herbam
645 2156 754 2192 avide
769 2155 987 2204 gustaverit,
1005 2162 1189 2204 tanquam
1210 2154 1418 2203 prandium
1439 2154 1603 2192 salutare
1620 2168 1629 2201 ;
1653 2154 1751 2203 pluS,

420 2228 593 2277 inquam,
618 2226 855 2264 credendum
885 2233 941 2264 est
971 2226 1034 2263 tali
1064 2226 1170 2275 operi
1191 2237 1309 2275 quam
1340 2225 1410 2262 hiis
1431 2225 1564 2262 verbis
1625 2225 1675 2262 Et
1696 2225 1750 2262 sic

421 2298 569 2335 videtur
596 2297 644 2335 de
674 2297 861 2334 fratribus.
928 2296 1005 2333 Sed
1034 2308 1155 2333 unum
1193 2297 1273 2333 scio
1302 2295 1409 2345 quod
1440 2296 1534 2333 fides
1565 2296 1752 2345 scripture

421 2375 579 2418 propter
595 2367 857 2417 duplicitatem
870 2379 1004 2404 eorum
1022 2379 1101 2404 non
1114 2367 1263 2404 titubat.
1295 2366 1400 2404 Sicut
1418 2378 1490 2404 nec
1506 2366 1602 2405 ordo
1617 2378 1753 2404 eorum

422 2439 591 2489 aliquam
611 2438 895 2488 perfeccionem
926 2445 1026 2476 secte
1048 2437 1264 2476 ChriStiane
1295 2438 1480 2483 continet,
1501 2437 1572 2474 nisi
1604 2449 1678 2486 que
1704 2449 1751 2474 ex
1768 2448 1808 2479 30

423 2510 623 2559 evangelio
644 2516 701 2547 est
721 2509 879 2547 fundata
891 2522 900 2555 ;
929 2509 1033 2559 quod
1055 2510 1084 2546 si
1106 2515 1234 2548 essent
1254 2520 1374 2559 usque
1395 2508 1444 2545 ad
1465 2508 1558 2546 illud
1579 2520 1601 2544 a
1623 2519 1753 2557 super-

468 2676 499 2706 4.
523 2665 595 2701 illo,
605 2669 669 2705 pro
686 2664 760 2700 isto,
777 2671 809 2703 Β,
828 2663 872 2701 Β“,
889 2671 921 2695 C.
1045 2670 1073 2704 7.
1098 2663 1245 2704 illo,pro
1261 2663 1336 2702 isto,
1355 2671 1385 2701 B,
1405 2663 1449 2702 13¹,
1468 2670 1498 2695 C.
1622 2663 1651 2695 8.
1677 2673 1753 2705 pro-

424 2716 576 2754 diderint,
593 2724 624 2747 C.
801 2725 850 2755 13.
875 2716 920 2755 in,
931 2720 996 2757 pro
1012 2720 1053 2754 et,
1072 2723 1103 2753 B,
1123 2723 1154 2747 C.
1329 2724 1378 2755 15.
1403 2715 1589 2756 reprobent,
1608 2722 1637 2752 B,
1658 2715 1700 2752 13¹,
1720 2722 1753 2746 C.

424 2768 596 2809 illud,pro
611 2767 709 2806 istud,
727 2776 757 2805 B,
777 2768 821 2805 13¹,
840 2776 871 2799 C.
996 2775 1045 2808 17.
1070 2771 1268 2806 constanter,
1278 2771 1344 2809 pro
1361 2768 1589 2804 inconstanter,
1608 2774 1638 2805 B,
1659 2766 1702 2805 13¹,
1720 2774 1752 2797 C.

427 2829 478 2851 21.
496 2819 563 2857 illa,
574 2824 639 2860 pro
655 2819 730 2858 ista,
748 2827 779 2855 Β,
791 2819 878 2856 B¹,c.
970 2828 1020 2860 ²4-
1038 2818 1231 2857 febricitato,
1241 2823 1307 2860 pro
1323 2818 1464 2855 sicitato‚
1483 2825 1512 2855 Β,
1526 2816 1567 2856 13¹,
1580 2826 1611 2849 c.
1703 2817 1754 2848 26.

426 2875 584 2911 gustaret,
602 2878 632 2908 B,
652 2872 694 2908 13¹,
715 2878 745 2901 c.
