1981 3390
63 265 117 307 90

62 389 102 413 As
116 394 144 413 to
158 388 204 413 the
218 395 281 413 con—

61 422 249 447 firmations—

61 455 94 486 (i)
110 456 217 487 Magna
228 454 333 481 Charta

62 489 84 514 is
98 489 163 520 only
177 495 205 514 to
219 488 252 513 be

62 523 201 548 defended
215 531 246 547 as·
259 521 280 547 it

60 556 177 581 accords
190 555 257 580 with

63 589 181 615 Christ’s
194 589 255 619 law,
271 589 331 619 but,

63 623 333 655 rightlyconstrued,

63 657 110 682 the
124 656 272 688 privileges
286 656 307 681 it

63 690 183 722 up'nolds
196 699 243 715 are
257 690 304 715 the

63 723 212 755 privileges
226 724 257 749 of

62 757 205 790 following
219 756 322 784 Christ.

66 1815 91 1840 A
104 1813 215 1840 faithful
230 1813 312 1839 inter-

66 1848 204 1881 pretation
218 1848 250 1873 of
259 1848 307 1873 the

66 1882 186 1908 Charter
198 1882 291 1907 would

66 1921 169 1941 restore
183 1915 230 1940 the
244 1915 339 1947 clergy

577 261 792 293 SPECULU
801 262 837 292 M
870 261 1100 293 ECCLESIE
1134 262 1438 295 MILITANTIS.

345 376 451 425 quod
487 383 636 426 oportet
669 377 768 415 hanc
800 390 984 426 magnam
1016 385 1160 415 cartam
1200 391 1291 416 sane
1330 379 1550 428 intelligere.
1626 381 1676 417 Et

346 447 430 485 licet
454 460 533 485 non
560 449 791 486 intendimus
819 461 888 486 nec
915 449 1124 486 sufficimus
1153 449 1253 488 hanc
1284 436 1428 487 cartam
1453 463 1500 487 ex
1528 451 1676 499 integro

347 518 552 556 defendere
573 526 759 569 tanquam
781 520 909 566 fidem,
934 532 1023 558 cum
1043 532 1162 557 unum
1191 533 1238 558 ex
1269 521 1342 558 fide
1364 522 1548 570 capimus,
1570 521 1676 571 quod

346 602 424 626 non
446 590 553 634 valet,
575 602 646 627 nec
668 591 808 627 servari
832 591 954 636 debet,
977 591 1045 629 nisi
1068 591 1114 629 de
1135 598 1281 641 quanto
1298 598 1486 629 consonat
1508 591 1582 641 legi
1603 592 1676 637 dei,

345 660 435 709 quia
454 661 561 698 aliter
581 660 677 699 foret
698 661 885 698 contraria
907 662 1004 708 fidei,
1028 662 1135 710 quod
1155 662 1282 699 omnis
1304 662 1425 699 fidelis
1450 661 1563 699 debet
1584 661 1676 699 hor·
1690 667 1708 700 5

345 743 438 769 rere.
517 731 592 768 Sed
631 732 719 780 quia
759 739 932 769 nostrum
972 745 1051 769 non
1091 740 1147 770 est
1186 733 1278 769 illud
1318 745 1548 782 supponere,
1588 733 1676 770 ideo

344 815 551 852 possumus
572 815 708 840 sanum
728 804 961 841 intellectum
983 816 1198 852 supponere
1222 802 1240 822 *
1262 803 1350 841 huic
1372 810 1474 841 carte
1495 811 1532 841 et
1552 804 1675 853 ipsam
1691 806 1728 836 C·
1746 806 1792 835 26
1806 806 1844 837 b.

344 875 393 912 ad
414 881 589 912 nostrum
614 875 858 924 propositum
888 882 1116 924 retorquere.
1175 874 1267 912 Non
1288 875 1390 912 enim
1421 876 1676 924 supponimus

344 946 448 996 quod
478 946 517 982 in
547 952 651 982 carta
680 946 851 994 predicta
881 953 1063 984 vocentur
1087 946 1284 995 privilegia
1315 946 1404 983 cleri
1434 946 1572 995 Anglie
1602 958 1677 996 que

345 1024 432 1055 sunt
466 1017 515 1054 ad
550 1017 822 1054 detrimentum
856 1018 936 1055 eius
976 1018 1166 1055 contraria
1207 1017 1280 1067 legi
1315 1017 1467 1063 Christi,
1499 1018 1589 1067 quia
1623 1018 1732 1055 siem

344 1088 467 1126 forent
507 1089 705 1138 privilegia
744 1089 946 1126 abolenda.
1023 1088 1124 1126 Cum
1163 1089 1276 1137 igitur
1320 1088 1496 1126 Christus
1544 1096 1581 1126 et
1620 1089 1676 1126 sui

344 1160 508 1208 apostoli
528 1159 741 1196 habuerunt
762 1172 783 1197 a
803 1160 876 1197 deo
899 1160 969 1198 hec
991 1159 1187 1209 privilegia
1204 1159 1308 1209 quod
1325 1160 1451 1197 vivant
1467 1172 1677 1209 pauperem

344 1232 461 1268 vitam
491 1238 527 1268 et
562 1231 747 1268 humilem
777 1244 865 1269 cum
896 1232 979 1268 aliis
1005 1231 1323 1280 promoventibus
1353 1231 1401 1268 ad
1428 1231 1527 1268 hanc
1549 1231 1676 1277 vitam,

345 1302 442 1339 absit
464 1302 503 1338 in
524 1302 594 1338 ista
623 1308 725 1339 carta
755 1302 944 1350 solempni
975 1314 1206 1351 supponere,
1232 1302 1336 1352 quod
1367 1302 1471 1347 deus,
1505 1303 1677 1339 concitor

345 1374 437 1417 eius,
459 1373 574 1410 voluit
596 1374 634 1409 in
655 1373 725 1410 hac
748 1380 851 1410 carta
872 1373 1068 1422 privilegia
1089 1374 1280 1411 contraria
1300 1373 1380 1410 istis
1402 1373 1570 1422 intelligi,
1628 1373 1676 1410 Et
1693 1389 1732 1421 15

345 1456 435 1481 cum
456 1457 523 1481 rex
545 1451 582 1481 et
611 1456 775 1493 regnum
805 1444 915 1481 iurati
945 1451 1031 1481 sunt
1062 1444 1111 1482 ad
1132 1457 1289 1482 sensum
1311 1444 1544 1482 catholicum
1565 1444 1677 1482 huius

346 1515 488 1560 carthe,
521 1515 664 1552 videtur
692 1515 797 1565 quod
827 1528 873 1553 ex
909 1516 942 1552 vi
970 1515 1171 1552 iuramenti
1203 1516 1258 1552 sui
1290 1513 1508 1552 tenentur*
1531 1515 1675 1553 dictum
1691 1523 1734 1551 D.
1752 1522 1798 1554 79
1812 1530 1843 1551 a..

345 1598 503 1623 sensum
527 1586 607 1623 eius
638 1586 868 1624 catholicum
891 1586 1108 1633 defendere,
1131 1594 1166 1624 et
1188 1587 1241 1624 sic
1263 1586 1334 1623 hec
1355 1586 1552 1624 evidencia
1582 1587 1677 1624 redit

344 1657 393 1694 ad
433 1670 589 1694 sensum
622 1657 854 1695 catholicum
885 1670 1001 1707 quem
1033 1671 1081 1695 ex
1112 1658 1185 1695 fide
1216 1658 1400 1707 scripture
1429 1657 1675 1695 intendimus.

347 1728 491 1778 Caysas
512 1729 615 1766 enim
642 1729 775 1766 dicens
796 1729 901 1778 quod
931 1729 1085 1778 expedit
1114 1741 1236 1766 unum
1266 1729 1466 1767 hominem
1486 1730 1585 1767 mori
1606 1742 1677 1779 pro
1694 1740 1734 1763 20

348 1799 494 1848 populo
529 1800 748 1848 ignoranter
785 1800 978 1838 salubrem
1019 1800 1255 1838 sentenciam
1292 1800 1543 1849 prophetavit.
1615 1800 1677 1838 Sic

350 1877 478 1908 autem
501 1871 646 1908 videtur
667 1871 898 1920 quibusdam
921 1871 1038 1920 quod,
1063 1871 1155 1908 dum
1181 1871 1243 1908 illa
1266 1878 1368 1908 carta
1389 1870 1500 1908 fuerit
1521 1871 1680 1909 fideliter

66 1949 152 1974 tothe
164 1955 235 1974 state
245 1949 339 1975 Christ
352 1949 537 1988 assecuta,
557 1954 604 1979 ex
621 1942 701 1979 eius
724 1942 823 1979 fideli
845 1942 1040 1980 sentencia
1057 1942 1180 1980 clerus
1193 1942 1333 1992 Anglie
1354 1942 1450 1980 foret
1471 1942 1519 1979 ad
1538 1949 1678 1980 statum

65 1982 209 2009 ordained.

351 2025 466 2063 quem
497 2013 670 2050 Christus
699 2013 858 2050 instituit
889 2014 1093 2051 restitutus.
1150 2013 1234 2050 Nec
1265 2014 1370 2050 aliter
1399 2013 1546 2051 videtur
1574 2014 1679 2063 quod

348 2097 414 2121 rex
454 2091 491 2121 et
529 2084 610 2121 eius
648 2096 828 2133 proceres
873 2096 963 2121 cum
998 2085 1075 2122 suis
1115 2085 1307 2134 episcopis
1349 2085 1554 2123 evaderent
1593 2098 1677 2135 per·
1695 2098 1732 2130 25

347 2157 486 2193 iurium
507 2156 545 2192 in
566 2155 639 2193 hac
660 2162 775 2204 parte.
817 2155 866 2192 Et
888 2155 1135 2193 conformiter
1151 2156 1288 2193 dicitur
1304 2156 1410 2205 quod
1430 2156 1677 2205 intelligende

346 2234 434 2264 sunt
465 2226 897 2264 excommunicaciones
928 2227 966 2263 in
998 2227 1060 2264 illa
1091 2227 1259 2264 materia.
1326 2227 1486 2265 Infidele
1520 2228 1678 2277 quidem

347 2298 443 2335 foret
463 2305 606 2335 vertere
633 2298 672 2334 in
701 2298 773 2335 hac
800 2305 904 2335 carta
927 2299 1235 2347 significaciones
1265 2299 1516 2336 terminorum
1545 2306 1679 2336 contra

348 2370 545 2406 veritatem
585 2381 720 2406 sensus
760 2370 956 2418 scripture,
991 2370 1167 2407 vocando
1207 2382 1341 2419 pravas
1384 2371 1488 2419 leges
1528 2371 1679 2420 privile—

348 2440 411 2488 gia
443 2439 461 2459 ‘³‘
493 2452 567 2489 que
599 2441 750 2489 privant
779 2440 925 2477 clerum
956 2440 1002 2478 de
1042 2441 1173 2489 gracia
1203 2448 1239 2478 et
1272 2441 1455 2478 inducunt
1484 2441 1609 2490 ipsum
1640 2441 1677 2478 in
1693 2451 1734 2481 30

348 2510 559 2547 maximam
581 2511 809 2548 servitutem.
857 2510 920 2547 Ad
940 2511 1149 2548 secundam
1170 2511 1512 2549 confirmacionem
1533 2511 1679 2549 dictum

349 2589 405 2618 est
425 2582 552 2629 sepius
576 2581 681 2631 quod
712 2582 764 2618 sic
796 2594 961 2631 arguens
992 2581 1124 2619 similis
1154 2588 1209 2618 est
1239 2582 1354 2620 stulto
1383 2582 1601 2631 desperanti
1631 2582 1678 2620 de

299 2666 301 2668 ·
349 2664 417 2689 sua
447 2664 574 2697 causa,
605 2651 787 2689 lambenti
817 2663 959 2700 aquam
991 2652 1195 2698 turbidam,
1217 2654 1382 2690 currenti
1403 2653 1441 2690 in
1461 2653 1678 2702 paludibus,

397 2772 422 2793 1.
447 2761 531 2793 Sane
547 2761 605 2792 int.
624 2787 630 2792 .
649 2786 656 2793 .
674 2787 681 2794 .
700 2762 785 2792 hanc
801 2766 938 2799 cattam,
955 2772 1016 2792 om.
1033 2769 1065 2793 c.
1179 2771 1208 2801 3.
1231 2762 1410 2801 defensare,
1427 2770 1458 2794 C.
1570 2772 1601 2804 9,
1624 2773 1678 2793 vo-

349 2819 434 2852 cent,
451 2822 484 2851 C,
499 2822 533 2845 D.
620 2813 669 2845 16.
694 2823 840 2855 regnum,
858 2822 887 2851 C,
907 2821 952 2850 D;
976 2813 1077 2854 regni,
1091 2812 1135 2844 Β).
1221 2823 1270 2855 19.
1295 2814 1336 2850 in,
1351 2819 1414 2854 pro
1430 2814 1483 2851 ad,
1501 2821 1536 2844 D.
1629 2823 1679 2854 23.
1980 2827 1981 2848 l

350 2865 391 2896 ad
407 2870 541 2905 statum,
559 2873 588 2905 C,
605 2873 641 2898 D.
731 2874 782 2904 30.
806 2865 858 2897 vel
875 2875 993 2897 vocare
1010 2870 1116 2897 cartas
1133 2865 1215 2897 tales
1231 2865 1415 2906 puivilegia,
1432 2866 1505 2897 add.
1523 2873 1554 2905 c,
1569 2873 1605 2898 D.
1971 2863 1974 2876 '
