1981 3390
492 290 752 324 SPECULUM
785 288 1012 321 ECCLESIE
1046 288 1346 319 MILITANTIS⁴
1809 291 1865 332 33

691 519 1017 558 CAPITULUM
1055 527 1147 568 17111.

311 627 571 665 MENDAcmM.
603 624 621 645 *
652 625 812 663 Videtur
832 625 958 662 adhuc
990 624 1093 674 quod
1123 624 1282 659 minaris
1302 623 1416 660 tacite
1437 623 1586 660 ruinam
1600 633 1837 666 Mend.objects:

38 707 82 738 B.
97 707 120 736 8
133 707 168 736 d.
255 699 357 745 cleri,
379 706 415 736 et
435 711 503 748 per
515 708 760 746 consequens
773 708 880 733 more
894 695 1149 744 peccancium
1164 692 1182 712 ‘³‘
1197 694 1395 742 redarguis
1410 694 1587 742 teipsum,

255 777 292 807 et
313 769 452 814 niteris,
474 769 542 806 sed
564 767 765 817 superflue,
788 778 901 815 agere
922 773 1058 803 contra
1080 764 1276 802 Christum
1301 764 1365 813 qui
1392 772 1449 801 est
1479 764 1586 801 cleri-

223 852 325 884 5cus
351 840 589 877 clericorum.
648 838 749 876 Cum
771 838 875 874 enim
902 844 942 874 ut
963 836 1057 873 fides
1085 835 1233 884 capitur
1259 834 1364 883 quod
1390 834 1511 871 clerus
1542 834 1588 871 sit

255 923 435 961 suprema
455 923 544 960 pars
563 917 600 947 et
616 909 893 959 perfectissima
906 907 1067 945 ecclesie
1089 907 1294 951 militantis,
1315 912 1353 943 et
1377 906 1499 943 clerus
1520 917 1587 955 per
1600 915 1833 942 Disendowment

255 981 500 1020 dotacionem
516 980 735 1030 hujusmodi
757 985 1035 1028 augmentatur,
1053 977 1300 1015 manifestum
1321 976 1463 1014 videtur
1483 976 1586 1025 quod
1599 950 1858 1010 hvffilffelregietnhsshe

257 1053 451 1090 subtracta
471 1052 541 1089 ista
557 1051 760 1089 dotacione
782 1061 940 1087 necesse
961 1055 1018 1086 est
1034 1049 1191 1094 clerum,
1208 1054 1245 1085 et
1261 1060 1328 1097 per
1344 1058 1587 1096 consequens
1600 1017 1705 1050 Clergy'

257 1123 572 1172 perfectissimam
604 1128 754 1171 partem
783 1121 957 1165 ecclesie,
992 1120 1185 1157 minorari.
1244 1118 1343 1165 Quis
1374 1131 1467 1167 ergo
1501 1131 1587 1166 pre-

204 1208 244 1230 10
258 1200 424 1231 sumeret
453 1193 506 1231 sic
537 1205 650 1242 agere
690 1199 826 1230 contra
857 1191 997 1229 celeste
1033 1189 1259 1239 conjugium
1298 1188 1403 1237 quod
1441 1195 1588 1226 tenetur

255 1277 303 1302 ex
325 1271 460 1313 quarto
481 1264 666 1301 mandato
687 1263 862 1312 decalogi
883 1262 1082 1299 venerari?

311 1335 500 1373 VERITAS.
523 1336 544 1358 *
568 1334 675 1372 Licet
695 1333 869 1371 diabolus
889 1339 925 1370 et
946 1333 1120 1369 membra
1140 1332 1222 1380 ejus
1242 1330 1587 1380 multiplicaverunt
1604 1341 1668 1367 Ver.
1685 1346 1824 1367 answers:

257 1406 460 1443 mendacia
481 1412 615 1443 contra
631 1403 892 1449 Christicolas,
909 1403 971 1441 ille
986 1409 1117 1440 tamen
1138 1402 1234 1440 foret
1249 1402 1362 1439 nimis
1384 1401 1588 1450 neophitus

257 1478 322 1526 qui
339 1484 494 1527 propter
510 1476 597 1513 talia
612 1475 817 1513 mendacia
831 1474 1035 1511 dimitteret
1052 1472 1260 1510 defendere
1273 1473 1480 1517 veritatem,
1498 1483 1588 1509 cum

40 1557 177 1590 B¹.154
189 1567 219 1589 a.
258 1555 398 1598 petrus,
417 1547 610 1598 johannes
633 1553 670 1584 et
693 1546 755 1584 alii
775 1545 794 1566 *
815 1546 854 1582 in
881 1545 1005 1582 verbis
1032 1544 1289 1592 asperioribus
1318 1549 1586 1592 persteterunt.

261 1619 412 1657 Scimus
451 1619 607 1669 quidem
646 1617 750 1667 quod
789 1629 869 1654 non
909 1616 961 1653 sic
996 1615 1186 1664 loquimur
1221 1620 1379 1663 propter
1414 1625 1589 1650 amorem

257 1698 322 1728 aut
348 1697 525 1739 questum
550 1688 828 1738 temporalium,
861 1686 929 1724 sed
956 1692 1115 1735 propter
1145 1684 1271 1721 zelum
1299 1697 1376 1734 quo
1403 1684 1588 1721 afficimur

257 1761 478 1810 evangelice
498 1760 654 1798 veritati.
713 1758 829 1806 Quod
857 1757 886 1794 si
906 1756 1141 1806 quandoque
1162 1755 1422 1804 temptacione
1445 1753 1587 1792 diaboli

259 1832 419 1881 surrepit
440 1831 617 1881 superbia
633 1830 898 1868 condolemus.
938 1826 1178 1864 Intendimus
1198 1838 1291 1874 ergo
1311 1825 1587 1875 purgacionem

205 1917 245 1938 20
258 1909 294 1940 et
315 1902 597 1952 perfeccionem
618 1901 717 1946 cleri,
739 1911 855 1949 quam
885 1898 1026 1936 scimus
1047 1910 1126 1935 non
1157 1903 1254 1933 stare
1283 1896 1322 1932 in
1348 1895 1588 1933 multitudine
1602 1909 1870 1948 The-mergyquer-

259 1985 523 2023 personarum,
545 1972 611 2009 sed
632 1972 669 2007 in
683 1969 934 2008 observancia
948 1975 1064 2005 status
1078 1979 1193 2016 quem
1215 1951 1390 2004 Christus
1410 1943 1849 2011 instituit;i{2⁰‘1¹1?¹lu‘‚³ssi2⁵el¹sot

39 2049 158 2083 1067b.
259 2050 295 2081 et
316 2044 414 2081 sicut
443 2050 526 2080 toto
555 2053 719 2091 corpore
748 2040 914 2078 hominis
943 2050 1052 2075 verso
1081 2038 1120 2074 in
1150 2037 1283 2075 oculos
1311 2036 1408 2073 foret
1429 2036 1449 2059 '⁸‘
1472 2035 1588 2072 indis-

258 2117 425 2166 posicius
460 2128 578 2165 quam
613 2122 670 2153 est
704 2114 834 2159 modo,
868 2114 921 2151 sic
954 2113 1058 2150 clero
1094 2111 1196 2149 facto
1230 2111 1424 2159 irregulari
1459 2110 1590 2159 quoad

259 2193 399 2224 statum
428 2187 586 2233 domini,
618 2185 830 2235 quamlibet
858 2189 1118 2232 augmentato,
1149 2189 1187 2219 et
1214 2182 1253 2218 in
1280 2194 1318 2218 se
1343 2181 1590 2229 imperficitur

205 2274 243 2305 25
260 2263 296 2295 et
317 2264 430 2296 nocet
450 2258 560 2295 matri
589 2257 750 2294 ecclesie
779 2255 965 2292 militanti.
1022 2253 1072 2290 Et
1101 2259 1204 2302 patet
1224 2252 1328 2301 quod
1348 2258 1588 2300 assumptum

258 2335 314 2366 est
335 2341 357 2365 a
377 2336 481 2378 patre
512 2327 703 2365 mendacii
733 2326 1019 2363 mendicatum:
1051 2323 1138 2361 volo
1167 2323 1271 2360 enim
1300 2329 1423 2359 totum
1444 2322 1588 2358 clerum

260 2399 356 2436 sicut
386 2405 423 2436 et
454 2410 515 2435 me
547 2399 672 2447 ipsum
705 2404 804 2434 stare
843 2397 881 2432 in
921 2401 1020 2432 statu
1052 2405 1166 2443 quem
1207 2392 1379 2430 Christus
1418 2392 1713 2437 instituit‚1kn0w
1726 2403 1839 2430 ofsaith

1601 2438 1662 2463 that
1677 2437 1771 2463 Christ
1784 2447 1827 2463 or-

262 2470 350 2519 quia
379 2470 460 2508 scio
493 2482 540 2507 ex
573 2469 648 2506 fide
675 2468 781 2517 quod
809 2466 981 2504 Christus
1010 2478 1059 2502 ex
1091 2464 1312 2502 deleccione
1345 2463 1435 2500 cleri
1467 2463 1587 2500 taliter
1601 2471 1867 2531 fflfflefnffssdfflfifffl

1859 2524 1865 2536 ,

262 2541 463 2578 ordinavit.
504 2539 593 2577 Scio
613 2540 768 2588 insuper
781 2550 828 2575 ex
845 2538 982 2574 eadem
999 2536 1072 2573 fide
1089 2535 1193 2584 quod
1208 2534 1381 2572 Christus
1402 2534 1587 2571 ordinavit
1600 2538 1866 2598 ffiddgfflgffitfecu-

205 2626 246 2658 30
262 2611 406 2649 clerum
436 2622 546 2648 suum
573 2616 771 2659 expertem
796 2608 953 2646 dominii
979 2607 1169 2644 secularis.
1229 2605 1279 2641 Et
1307 2605 1386 2642 scio
1409 2603 1449 2652 3⁰
1469 2605 1584 2653 quod,

42 2691 163 2723 Β.9ει.
264 2680 282 2701 *
316 2681 402 2719 licet
441 2681 564 2718 clerus
603 2687 733 2729 posset
771 2679 809 2715 in
845 2678 1118 2727 temporalibus
1157 2676 1234 2726 pati
1267 2676 1479 2724 penuriam,
1512 2675 1585 2711 hoc

307 2797 356 2818 22.
382 2786 514 2828 sic‚pr0
529 2785 623 2824 sicut,
642 2792 671 2822 Β,
691 2792 722 2816 c.
837 2793 886 2823 ²3-
910 2787 970 2822 est,
986 2793 1047 2814 om.
1067 2790 1095 2821 B,
1115 2790 1146 2813 C.
1225 2781 1328 2812 clerus
1344 2779 1446 2810 factus
1464 2779 1586 2818 irregu-

260 2839 346 2878 laris,
363 2846 393 2876 B,
405 2845 436 2869 C.
513 2846 562 2878 24.
587 2840 824 2877 augmentatus,
846 2842 875 2872 B,
890 2842 921 2866 C.
968 2837 1181 2874 augmentato
1194 2843 1277 2864 corr.
1295 2842 1335 2862 ex
1347 2835 1585 2872 augmentatus,

261 2899 291 2922 13.
384 2899 433 2929 25.
460 2888 641 2926 militantis,
661 2895 691 2926 Β,
709 2895 740 2919 c.

914 2959 939 2985 D
